2476 3921
66 1276 153 1299 Divisio.

14 1489 106 1513 Eruditio
115 1495 153 1517 per

50 1517 114 1539 verba

13 1543 153 1593 ‘instat

19 1597 88 1625 quoad
103 1597 151 1619 tria.

12 1756 83 1784 Quoad
96 1756 158 1778 comi-

38 1785 91 1814 tatus
104 1784 158 1806 indi-

37 1816 99 1832 ctum.

25 2289 149 2313 Notandum.

761 219 957 254 COMMENT.
982 220 1019 253 [Ν
1043 220 1284 256 EVANGELIUM
1308 223 1426 258 LUCAE
1450 224 1482 257 C.
1507 225 1581 258 xlv:

177 314 231 344 sed
253 309 408 352 superbos
434 309 568 351 repellit.
597 321 613 337 «
629 308 661 341 Si
684 308 768 342 enim
794 309 998 351 peccantibus
1020 309 1140 351 angelis

177 373 240 397 non
273 362 414 405 pepercit
445 362 548 401 Deus,
572 362 627 395 sed
658 361 848 396 rudentibus
880 361 994 395 inferni
1011 375 1028 392 υ
1067 365 1138 402 etc..

178 417 261 451 sicut
282 415 399 449 dicitur
423 415 579 449 secundae
595 415 676 448 Petri
693 415 833 449 secundo
847 416 876 454 ¹;
893 418 925 448 et
941 418 1030 457 post:
1051 416 1139 448 «No-

176 470 221 503 vit
243 469 395 503 Dominus
418 469 487 511 pios
508 468 548 503 de
572 468 742 502 tentatione
765 468 904 511 eripere,
922 468 1047 511 iniquos
1063 477 1139 502 vero

178 513 318 556 reservat
341 521 528 555 cruciandos
544 533 575 561 »;
599 525 631 555 et
658 525 789 564 propter
821 522 881 555 hoc
913 521 951 554 ad
984 522 1138 555 Romanos

177 575 384 609 undecim02:
415 588 430 603 α
447 574 512 608 Noli
537 575 638 608 altum
662 583 789 617 sapere,
813 574 867 608 sed
893 574 978 608 time.
1003 575 1033 608 Si
1054 575 1138 608 enim

178 629 260 662 Deus
287 628 487 662 naturalibus
511 628 608 661 ramis
643 637 706 661 non
730 628 889 671 pepercit,
914 637 953 662 ne
977 628 1058 662 sorte
1081 637 1139 662 nec

176 681 232 715 tibi
255 684 364 724 parcat
379 694 411 713 ».
436 681 473 714 Et
504 681 574 714 ideo
607 680 684 714 dicit
715 681 754 714 ad
789 681 946 714 Hebraeos
979 681 1136 715 secundo:

179 747 196 764 α
211 734 410 776 Quapropter
433 737 558 776 oportet
587 743 645 767 nos
678 733 860 776 diligentius
883 733 1073 773 observare,
1097 743 1138 767 ne

175 787 254 821 forte
277 787 512 829 pereffluamus.
543 787 573 820 Si
598 787 682 820 enim
706 787 761 830 qui
787 796 843 830 per
867 787 999 830 Angelos
1033 787 1137 821 dictus

174 845 221 874 est
246 849 350 874 sermo
380 840 482 873 sactus
513 843 561 874 est
582 840 719 880 firmus,
743 840 902 883 quomodo
927 849 984 873 nos
1008 840 1137 883 effugie-

175 903 261 934 mus,
286 894 312 927 si
337 897 453 927 tantam
479 894 716 936 neglexerimus
738 893 872 927 salutem
890 897 926 926 n?

256 1007 345 1035 Tertio
363 1007 520 1035 erudiuntur
539 1007 632 1035 turbae
650 1003 853 1044 submanantes,
873 1009 903 1036 do
922 1017 970 1045 quo
989 1009 1046 1037 duo.

262 1107 313 1139 51.
339 1107 440 1149 (Vers.
465 1107 543 1148 25).
574 1107 672 1141 Ibant
703 1112 815 1141 autem
851 1109 970 1142 turbae
1000 1109 1135 1142 multae.

173 1161 336 1203 Postquam
361 1161 534 1194 confutavit
557 1161 785 1195 calumniantes
816 1166 848 1196 et
860 1162 1010 1196 ‘erudivit
1033 1162 1136 1196 convi-

172 1217 297 1253 vantes,
323 1214 374 1247 hic
397 1214 459 1247 iam
484 1215 578 1247 tertio
602 1213 768 1257 informat
794 1216 989 1249 comitantes
1002 1216 1025 1249 ³.
1050 1216 1136 1250 Divi-

171 1267 257 1301 ditur
280 1270 386 1300 autem
403 1276 477 1310 pars
494 1267 553 1301 ista
568 1267 600 1300 in
621 1268 710 1301 duas.
736 1269 768 1301 ln
793 1269 896 1311 prima
919 1269 1026 1303 erudit
1049 1279 1136 1303 com-

172 1321 290 1354 itantes
317 1330 380 1363 per
410 1320 511 1353 verba
541 1331 720 1364 expressa,-
752 1322 783 1355 in
814 1322 953 1356 secunda
978 1332 1054 1356 vero
1078 1332 1135 1365 per

171 1373 318 1417 caeempla
338 1373 558 1416 parabolica,
583 1374 625 1408 ibi
639 1375 671 1407 ⁴:
690 1375 773 1416 Quis
797 1376 885 1408 enim
908 1386 948 1409 ecc
971 1375 1063 1409 vobis
1078 1386 1134 1409 vo-

171 1427 238 1460 lens
260 1426 440 1469 aedificare
463 1431 592 1460 turrem
615 1431 674 1461 etc.
700 1447 743 1452 ——
769 1429 922 1462 Erudiens
946 1432 1052 1463 autem
1077 1439 1134 1472 per

171 1481 270 1515 verba
293 1490 451 1524 expressa
480 1481 520 1514 ad
554 1481 717 1515 Christum
749 1483 959 1525 spiritualiter
982 1483 1134 1516 comitan-

170 1535 245 1568 dum
268 1534 409 1576 procedit
434 1535 492 1567 hoc
520 1534 646 1574 ordine,
678 1536 888 1578 exprimendo
916 1536 1036 1569 scilicet
1065 1537 1133 1579 spi-

171 1587 307 1621 ritualis
342 1587 519 1620 comitatus
549 1588 733 1628 indicium,
756 1589 968 1633 principium
991 1584 1133 1623 et'com-

169 1641 375 1685 piamentum.

258 1695 361 1728 Primo
384 1695 481 1738 igitur
504 1698 659 1738 quantum
675 1695 715 1729 ad
738 1696 931 1739 spiritualis
955 1697 1133 1730 comitatus

169 1749 332 1782 indicium
355 1748 447 1781 dicit:
473 1748 570 1782 Ibant
604 1753 717 1782 autem
753 1750 872 1783 turbae
908 1751 1033 1791 multae
1056 1760 1133 1784 cum

170 1812 223 1842 co,
247 1802 287 1835 in·
303 1802 428 1845 signum
452 1802 627 1845 spiritualis
661 1803 847 1844 comitatus;
873 1804 957 1837 unde
980 1804 1131 1837 Glossa5:

175 1855 305 1888 «Ibant
328 1855 446 1888 turbae
480 1865 557 1888 cum
591 1865 646 1895 ec,
670 1860 779 1899 captae
811 1857 931 1890 scilicet
965 1857 1132 1890 dulcedine

169 1909 408 1952 praedicationis
439 1912 470 1942 et
501 1909 775 1950 miraculorum»;
800 1911 885 1945 unde
917 1914 1064 1954 poterant
1085 1911 1132 1944 di-

169 1971 240 1996 cere
263 1962 340 1995 illud
357 1962 478 1995 loannis
494 1966 603 1995 sexto:
627 1976 643 1992 «τ
658 1963 808 2004 Domine,
825 1964 864 1997 ad
880 1974 977 2007 quem
994 1965 1132 1998 ibimus?

168 2016 271 2050 Verba
303 2016 385 2049 vitae
419 2019 566 2050 aeternae
602 2017 700 2051 habes
716 2031 747 2050 ».
775 2019 809 2051 Et
838 2022 912 2051 nota
941 2019 1010 2059 hie,
1047 2018 1132 2061 quod

170 2069 324 2103 Pharisaei
348 2069 648 2104 calumniabantur
665 2068 826 2105 Christum
839 2099 846 2112 ‚
864 2076 895 2105 et
912 2073 1025 2106 turbae
1045 2082 1131 2105 com-

168 2122 358 2162 itabantur,
390 2123 465 2165 quia
496 2133 591 2166 quem
623 2125 753 2167 superbi
785 2125 964 2168 despiciunt
995 2126 1131 2159 humiles

169 2176 375 2215 comitantum
400 2176 485 2210 unde
509 2177 631 2211 loannis
663 2179 841 2220 septimoss:
871 2192 887 2208 α
904 2179 1052 2221 Nunquid
1075 2179 1130 2211 ali—

169 2229 240 2271 quis
270 2229 309 2263 de
339 2229 537 2272 principibus
569 2230 702 2264 credidit
737 2232 768 2265 in
801 2235 907 2265 eum?
942 2232 1001 2265 Sed
1037 2232 1131 2265 turba

169 2283 263 2322 haec,
280 2291 361 2325 quae
377 2282 502 2325 ignorat
519 2283 641 2326 Legem,
658 2285 823 2318 maledicta
839 2288 887 2318 est
902 2299 933 2317 ».
951 2285 1130 2328 Sequeban-

168 2339 221 2369 tur
244 2339 350 2369 autem
385 2335 498 2369 turbae
533 2337 633 2369 Iesum
670 2341 820 2380 tanquam
849 2348 923 2371 oves
942 2342 1130 2380 pasto-reim

168 2390 312 2423 Matthaei
336 2385 462 2423 nono⁷z
493 2403 509 2419 a
525 2390 640 2424 Videns
664 2391 750 2425 lesus
774 2392 903 2431 turbas,
921 2392 1070 2425 misertus
1084 2394 1131 2424 est

168 2445 226 2484 cis,
258 2444 333 2487 quia
364 2447 455 2477 erant
484 2444 589 2477 vexati
622 2448 653 2478 et
685 2445 821 2478 iacentes
853 2445 935 2478 sicut
963 2454 1037 2478 oves
1068 2454 1129 2478 non

169 2497 318 2530 habentes
347 2501 506 2539 pastorem
522 2510 554 2529 ».
587 2497 681 2537 Item,
713 2498 930 2541 sequebantur
962 2498 1043 2531 sicut
1072 2507 1131 2540 po-

165 2550 240 2593 puli
262 2560 390 2593 regem,-
413 2550 558 2583 Matthaei
595 2551 746 2593 vigesimo
778 2551 924 2594 prim08:
955 2564 970 2580 «
987 2551 1129 2591 Turbae,

168 2612 249 2650 quae
271 2603 435 2646 praeibant
458 2607 489 2637 et
512 2613 594 2647 quae
618 2605 844 2647 sequebantur,
861 2605 1055 2638 clamabant:
1073 2605 1130 2637 Ho-

170 2667 298 2691 sanna»
327 2661 384 2691 etc.
411 2658 504 2697 Item,
529 2659 745 2701 sequebantur
778 2659 860 2692 sicut
891 2658 1051 2701 discipuli
1073 2659 1131 2691 do-

240 2858 249 2873 ¹
270 2860 344 2885 Vei-s.
363 2859 392 2890 t,
413 2862 438 2885 et
456 2860 486 2891 9,
508 2859 552 2887 ubi
577 2868 626 2893 pro
645 2863 768 2888 reservat
793 2862 851 2888 Vat.
877 2869 937 2888 cum
964 2863 1077 2894 Vulgata
1104 2862 1131 2888 in

168 2903 236 2930 <hcm
255 2903 347 2930 iudicii
365 2911 512 2931 reservare.

238 2946 249 2963 ⁹
269 2948 342 2974 Vers.
362 2949 406 2974 20.
424 2955 480 2982 seq.
499 2953 525 2975 et
543 2949 623 2976 Ilebr.
642 2951 672 2983 2,
697 2951 746 2976 1-3.

239 2990 249 3006 ⁸
269 2991 322 3019 Cir.
340 2999 421 3024 supra
440 3000 464 3018 n.
486 2994 511 3019 l.

238 3035 251 3051 ⁴
270 3037 343 3063 Vers.
364 3038 412 3070 28,
432 3037 477 3063 ubi
498 3039 557 3064 Vat.
583 3046 643 3065 cum
668 3040 781 3072 Vulgata
807 3039 906 3067 turrim
934 3047 983 3072 pro
1008 3042 1130 3073 turrem,-

170 3082 238 3107 idem
256 3081 367 3107 recurrit
385 3082 450 3108 infra
469 3090 495 3109 n.
515 3083 557 3110 57.
576 3098 612 3104 —
629 3085 738 3111 inferius
751 3092 800 3117 pro
812 3084 991 3118 spiritualiter
1005 3085 1064 3111 Vat.
1076 3092 1131 3119 spe-

169 3126 281 3153 rz‘alitcr.

239 3170 250 3186 ⁶
269 3171 371 3197 Scilicet
390 3170 581 3199 interlinearis.
600 3174 661 3199 Post
676 3172 771 3200 turbae
783 3174 805 3199 H
817 3173 892 3199 addit
903 3173 1019 3205 multae,
1033 3176 1059 3199 et
1072 3176 1131 3206 post

169 3215 367 3243 miraculorum
386 3217 501 3243 secunda
521 3225 616 3244 manus
637 3218 665 3243 in
684 3219 705 3244 D
724 3218 826 3244 addidit
850 3218 1012 3252 operatione.
1033 3232 1066 3237 -——
1086 3219 1132 3244 Se-

168 3252 257 3293 [quitur
276 3261 344 3286 ioan.
363 3260 393 3293 6,
414 3261 457 3287 69.

208 3318 210 3321 -
239 3306 251 3323 ⁶
269 3306 343 3332 Vers.
364 3306 405 3331 48.
425 3308 450 3332 et
470 3305 512 3332 49.

214 3351 216 3354 ’
239 3348 249 3364 '¹
270 3351 344 3377 Vers.
365 3351 406 3377 36.
426 3364 461 3371 -
480 3352 529 3378 Pro
548 3351 735 3386 Sequebantur
754 3354 844 3380 atatem
864 3352 959 3380 turbae
972 3353 1061 3380 lesum
1075 3354 1130 3379 tan·

127 3422 131 3424 ,
170 3402 252 3428 quam
271 3396 328 3421 Vat.
349 3395 426 3422 sicut.

2096 231 2159 265 375

1203 314 1347 368 ctorem,-
1381 321 1479 354 supra
1513 314 1642 356 quinto:
1680 316 1836 350 «Factum
1868 321 1929 357 est,
1954 327 2026 352 cum
2052 320 2163 354 turbae

1203 367 1366 397 irruerent
1389 365 1420 397 in
1444 374 1536 405 eum,
1559 370 1596 400 ut
1618 368 1765 401 audirent
1788 370 1921 403 verbum
1946 371 2018 410 Dei;
2043 376 2075 405 et
2099 373 2164 414 ipse

1203 416 1305 450 stabat
1330 427 1422 452 secus
1445 422 1590 461 stagnum
1614 420 1804 455 Genesareth
1823 436 1852 455 ».

1293 471 1345 503 5⁶2.
1371 471 1471 512 (Vers.
1498 473 1550 504 25.
1576 474 1653 513 ἃᾶ).
1678 474 1821 508 Secundo
1855 480 2011 518 quantum
2035 478 2072 510 ad
2096 479 2165 521 spi-
2176 487 2250 514 Quoaa
2265 488 2329 508 mmi-

2197 516 2253 534 tauu
2271 520 2328 540 pnn-

1203 522 1340 557 ritualis
1363 524 1539 557 comitatus
1558 526 1769 568 principium
1792 528 1912 561 subdit.-
1932 530 1971 562 Et
1986 539 2165 564 conversus
2197 540 2285 566 cipim-

1202 576 1289 609 dixit
1312 577 1359 609 ad
1384 577 1476 615 illos,-
1499 588 1697 619 conversus,
1721 580 1868 623 inquam,
1901 591 1958 624 per
1981 582 2165 625 beniynita-

1202 633 1286 668 tcm;
1321 630 1505 664 Psalmus⁹:
1547 644 1563 660 α
1584 632 1686 671 Deus,
1718 637 1753 666 tu
1788 642 1960 668 conversus
1993 636 2165 670 vivificabis

1203 691 1260 715 nos
1275 694 1306 722 »ς
1330 682 1433 722 dixit,
1451 693 1507 726 per
1523 684 1694 717 veritatem
1717 685 1907 719 doctrinae.-
1926 688 1963 720 Si
1977 689 2053 731 quis
2076 690 2163 721 venit

1202 736 1249 768 ad
1271 745 1341 775 me,
1370 745 1427 778 per
1457 739 1783 780 supercroyationcm
1818 740 1985 778 iustitiae,-
2017 742 2162 775 Matthaei

1202 789 1389 822 undecimo:
1419 802 1435 819 α
1451 789 1561 823 Venite
1583 791 1622 823 ad
1646 800 1696 824 me
1718 801 1847 831 omnes‚·
1869 793 1924 835 qui
1961 793 2108 826 laboratis
2132 798 2164 827 et

1202 842 1323 876 onerati
1355 843 1478 876 estis».
1503 863 1548 867 —
1573 845 1612 876 Et
1641 854 1708 877 non
1742 845 1810 878 odit
1837 851 1971 889 patrem
2003 857 2105 880 suum
2133 852 2163 880 et

1164 921 1166 923 ,
1203 899 1348 928 matrem
1371 900 1399 929 ct
1422 906 1562 930 uxorem
1585 901 1616 930 ct
1637 897 1724 939 filios
1755 902 1783 931 ct
1804 897 1931 941 '‘i-atres
1954 904 1984 932 et
2009 910 2159 940 sorores,

1202 948 1315 983 adhuc
1338 955 1450 983 autem
1473 955 1503 983 ct
1526 951 1679 984 animam
1709 961 1828 992 suam,
1853 962 1909 995 per
1932 953 2161 995 mortificatio-

1201 1012 1276 1035 ncm
1311 1002 1450 1047 affectus
1481 1004 1653 1043 carnalis,
1685 1005 1858 1038 secundum
1892 1006 1968 1039 illud
1992 1006 2102 1040 Psalmi
2119 1007 2163 1039 ¹⁰:

1207 1069 1223 1085 α
1241 1056 1333 1096 Audi,
1357 1057 1436 1096 filia,
1460 1060 1493 1090 et
1517 1057 1587 1091 vide
1610 1062 1640 1091 et
1664 1058 1779 1091 inclina
1802 1068 1911 1092 aurem
1937 1064 2022 1093 tuam
2041 1075 2056 1090 n
2084 1064 2162 1099 etc.;

1200 1119 1267 1142 non
1287 1114 1392 1152 potest
1416 1120 1509 1143 meus
1531 1120 1599 1144 esse
1621 1111 1824 1154 discipulus,
1850 1122 1905 1155 per
1921 1114 2158 1146 assumtionem

1199 1163 1408 1206 evangelicae
1428 1163 1658 1207 perfectionis,
1674 1165 1713 1198 de
1734 1175 1798 1208 qua
1815 1167 1914 1200 Lucae
1930 1170 2037 1200 sexto:
2059 1180 2074 1196 α
2089 1168 2161 1201 Per-

1199 1216 1301 1250 fectus
1331 1217 1435 1251 omnis
1466 1218 1544 1257 erit,
1568 1218 1594 1251 si
1626 1219 1667 1251 sit
1697 1219 1779 1252 sicut
1803 1220 1951 1262 magister
1979 1221 2093 1254 eius».
2119 1240 2165 1245 —

1200 1270 1236 1303 Et
1259 1270 1341 1304 ratio
1364 1271 1462 1304 huius
1485 1275 1551 1311 est,
1574 1272 1650 1314 quia
1672 1273 1863 1315 principium
1887 1274 2058 1316 spiritualis
2079 1275 2161 1308 vitae
2182 1281 2254 1303 Ratio-

1199 1326 1247 1357 est
1270 1333 1391 1358 exuere
1415 1325 1572 1358 carnalem
1597 1326 1764 1366 affectum,
1787 1327 1876 1369 quia,
1901 1328 2020 1369 primae
2043 1328 2081 1360 ad
2106 1328 2163 1361 Co-

1200 1377 1335 1410 rinthios
1359 1378 1498 1413 secundo
1512 1380 1551 1418 ¹¹,
1580 1392 1596 1408 α
1612 1379 1756 1413 animalis
1780 1380 1874 1413 bomo
1890 1390 1951 1413 non
1968 1381 2101 1423 percipit
2124 1390 2162 1414 ea

1199 1438 1280 1472 quae
1304 1433 1379 1463 sunt
1402 1430 1533 1472 spiritus
1557 1431 1631 1471 Dei;
1657 1431 1791 1465 stultitia
1813 1433 1897 1465 enim
1915 1436 1961 1466 est
1978 1433 2036 1472 illi,
2053 1437 2085 1466 et
2100 1443 2162 1466 non

1198 1487 1302 1525 potest
1325 1483 1499 1527 intelligere
1517 1498 1532 1514 »
1560 1489 1639 1525 etc.;
1664 1488 1695 1519 et
1726 1486 1821 1519 Isaiae
1853 1487 2003 1528 vigesimo
2034 1491 2162 1520 octavo:

1203 1549 1219 1565 α
1236 1537 1336 1578 Quem
1360 1537 1484 1571 docebit
1506 1538 1669 1571 scientiam
1693 1542 1725 1572 et
1755 1548 1851 1582 quem
1876 1540 2049 1582 intelligere
2072 1540 2164 1574 saciet

1198 1590 1365 1623 auditum?
1388 1591 1606 1625 Ablactatosva
1630 1592 1737 1626 lacte»
1759 1596 1830 1632 etc„
1856 1594 1915 1627 hoc
1938 1597 1986 1627 est
2001 1597 2161 1636 separatos

1197 1653 1216 1677 a
1239 1644 1355 1676 carnali
1380 1644 1553 1678 affectione.

1289 1697 1340 1731 53.
1365 1698 1452 1731 Unde
1474 1698 1648 1732 notandum
1671 1703 1719 1732 est
1742 1699 1804 1739 hic,
1829 1700 1913 1743 quod
1931 1710 1992 1733 non
2010 1701 2162 1743 praecipit
2176 1708 2308 1756 ganeam

1197 1750 1249 1784 hic
1272 1750 1380 1784 odium
1415 1755 1585 1793 parentum
1616 1756 1771 1794 quantum
1807 1753 1846 1786 ad
1880 1758 2062 1793 naturam,
2087 1754 2162 1797 quia

1197 1805 1257 1837 hoc
1280 1808 1363 1838 esset
1385 1805 1568 1847 impietatis,
1593 1815 1665 1839 cum
1681 1806 1806 1839 dicatur
1822 1807 1943 1849 primae
1960 1808 2081 1841 Ioannis
2098 1812 2162 1841 ter-

1198 1858 1241 1891 tio
1255 1858 1301 1890 ¹²:
1330 1871 1345 1887 α
1362 1858 1421 1900 Qui
1447 1859 1512 1891 odit
1535 1859 1666 1892 fratrem
1689 1869 1784 1893 suum
1810 1860 1965 1893 homicida
1987 1865 2035 1894 est
2051 1874 2082 1901 »;
2106 1862 2160 1894 sed

1197 1914 1353 1954 quantum
1377 1912 1416 1944 ad
1439 1912 1594 1954 culpam,
1619 1913 1701 1946 sicut
1731 1913 1807 1947 dicit
1838 1914 2048 1956 Augustinus:
2079 1928 2095 1943 «τ
2111 1915 2159 1948 Sic

1196 1965 1345 2007 diligendi
1369 1968 1443 1998 sunt
1468 1966 1626 2004 homines,
1652 1969 1687 1998 ut
1718 1975 1829 1999 eorum
1854 1975 1980 2000 errores
2003 1977 2065 2000 non
2089 1967 2159 2000 dili—

1196 2023 1359 2061 gantur».
1384 2019 1430 2052 De
1465 2028 1529 2061 quo
1559 2019 1630 2052 odio
1654 2019 1686 2052 in
1719 2020 1840 2052 Psalmo
1856 2020 1899 2052 ¹⁸:
1930 2021 2067 2053 «Nonne
2102 2021 2157 2063 qui

1195 2072 1331 2105 oderunt
1355 2074 1400 2111 te,
1425 2072 1572 2111 Domine,
1597 2072 1724 2106 oderam
1748 2076 1780 2105 et
1804 2082 1899 2115 super
1928 2073 2070 2106 inimicos
2087 2077 2159 2106 tuos

1196 2125 1392 2159 tabescebam
1409 2129 1448 2158 »?
1479 2130 1510 2159 et
1542 2129 1628 2168 post:
1659 2139 1674 2155 a
1691 2126 1829 2159 Perfecto
1864 2126 1934 2159 odio
1966 2126 2091 2159 oderam
2122 2126 2159 2159 il-

1195 2179 1242 2212 los
1259 2193 1274 2208 υ
1302 2182 1361 2212 etc.
1387 2179 1471 2212 Unde
1495 2179 1682 2222 Gregorius:
1711 2193 1726 2208 a
1744 2180 1842 2212 Simul
1867 2183 1898 2213 et
1922 2180 2024 2213 odisse
2049 2189 2158 2222 possu-

1195 2242 1267 2266 mus
1290 2236 1321 2266 et
1344 2233 1489 2276 diligere,
1513 2236 1549 2266 ut
1580 2237 1611 2266 et
1641 2233 1823 2276 cognatione
1855 2233 1944 2266 nobis
1976 2234 2159 2267 coniunctos

1195 2295 1237 2319 ex
1261 2290 1430 2328 praecepto
1453 2286 1558 2319 divino
1589 2286 1774 2328 diligamus,
1798 2290 1830 2319 et
1854 2295 1933 2328 quos
1961 2286 2158 2319 adversarios

1195 2339 1227 2372 in
1253 2339 1303 2372 via
1326 2339 1382 2372 Dei
1406 2340 1547 2382 patimur
1571 2339 1702 2372 odiendo
1718 2342 1748 2372 et
1765 2339 1911 2382 fugiendo
1935 2340 2154 2372 nesciamus».

1195 2392 1282 2426 Unde
1305 2392 1412 2426 odium
1437 2393 1515 2426 illud
1539 2402 1601 2425 non
1636 2393 1720 2426 venit
1743 2402 1784 2426 ex
1809 2392 2010 2431 crudelitate,
2037 2393 2090 2426 sed
2114 2402 2157 2426 ex

1195 2445 1325 2478 caritate
1337 2471 1345 2485 ,
1370 2446 1452 2479 sicut
1475 2450 1507 2479 et
1523 2446 1630 2479 odium
1647 2446 1768 2479 animae
1786 2455 1877 2485 suae,
1895 2455 1988 2488 quam
2005 2446 2158 2479 debemus

1195 2498 1316 2537 odisse,
1340 2508 1404 2532 non
1427 2503 1583 2541 quantum
1607 2499 1646 2532 ad
1670 2500 1821 2539 salutem,
1846 2499 1900 2533 sed
1931 2504 2085 2541 quantum
2117 2499 2156 2532 ad

1195 2552 1421 2585 carnalitatem.
1439 2552 1524 2585 Unde
1540 2552 1710 2594 Gregorius
1724 2553 1768 2585 ¹⁴:
1798 2566 1814 2581 «
1831 2553 1918 2586 Tunc
1941 2553 2077 2585 animam
2101 2562 2157 2586 no-

1195 2608 1293 2638 stram
1316 2605 1460 2644 odimus,
1485 2614 1557 2638 cum
1582 2605 1650 2638 eius
1674 2605 1837 2638 affectibus
1869 2605 2047 2638 carnalibus
2072 2605 2158 2638 relu—

1195 2662 1321 2691 ctamur
1339 2672 1369 2691 n.
1387 2659 1431 2691 De
1455 2659 1514 2691 hoc
1539 2658 1609 2691 odio
1626 2658 1746 2691 loannis
1763 2658 1961 2691 duodecimo:
1984 2671 1999 2686 α
2016 2658 2075 2700 Qui
2092 2658 2157 2691 odit

1267 2860 1278 2875 ⁹
1299 2863 1373 2887 Vers.
1391 2862 1416 2887 9.
1436 2875 1470 2880 —
1490 2860 1606 2886 Subinde
1625 2860 1750 2891 allegatur
1769 2861 1829 2885 Luc.
1850 2859 1880 2890 ὃ,
1905 2860 1926 2885 t.
1945 2873 1979 2878 —
2002 2860 2057 2885 Vat.
2077 2860 2156 2891 paulo

1196 2907 1318 2939 superius
1337 2910 1362 2932 et
1381 2906 1458 2931 etiam
1479 2905 1583 2930 interius
1602 2905 1697 2930 omittit
1715 2905 1794 2933 Item,
1813 2903 2004 2937 sequebantur.

1236 2948 1240 2952 ’
1267 2949 1278 2964 ⁹
1297 2951 1392 2977 Psalm.
1412 2949 1458 2979 st,
1477 2950 1502 2974 7.
1522 2963 1557 2968 —
1577 2949 1699 2982 Sequitur
1718 2949 1804 2974 Mattlt.
1829 2949 1872 2979 lt,
1892 2949 1936 2974 28.

1267 2993 1289 3008 ¹⁰
1308 2995 1403 3020 psalm.
1424 2993 1470 3026 tt,
1491 2995 1531 3018 lt.
1555 3007 1586 3012 —
1606 2993 1724 3019 Subinde
1743 2993 1868 3024 allegatur
1888 2993 1948 3018 Luc.
1969 2993 2000 3025 6,
2022 2992 2064 3019 40.

1267 3038 1287 3052 ¹¹
1308 3039 1382 3064 Vers.
1407 3038 1450 3067 14,
1471 3040 1529 3069 post
1547 3044 1627 3070 quein
1648 3037 1704 3063 lsai.
1723 3038 1771 3068 28,
1792 3038 1815 3062 9.

1266 3081 1288 3096 ¹²
1309 3083 1383 3108 Vers.
1407 3082 1445 3108 15.
1464 3095 1499 3101 -
1519 3082 1647 3107 Sententia
1666 3081 1803 3113 Augustini
1824 3080 1934 3106 nabetur
1953 3081 1979 3106 in
1999 3080 2075 3106 Libro
2095 3081 2156 3107 Sen-

1195 3127 1349 3158 tentiarum,
1374 3134 1440 3159 quas
1466 3127 1585 3158 Prosper.
1604 3133 1635 3152 ex
1654 3125 1799 3158 Augustino
1818 3126 1933 3157 collegit,
1953 3132 1979 3150 n.
1998 3126 2028 3156 23
2047 3126 2092 3150 cfr.
2106 3126 2156 3151 Au-

1195 3175 1279 3204 gust,
1301 3173 1417 3197 Enarrat.
1438 3171 1463 3196 in
1483 3171 1523 3196 rs.
1548 3170 1602 3195 too.
1623 3178 1648 3195 n.
1667 3170 1693 3195 5.

1266 3214 1289 3230 ¹³
1308 3216 1401 3242 Psalm.
1427 3216 1488 3248 138,
1509 3216 1550 3241 21.
1571 3218 1596 3240 et
1615 3216 1657 3241 22.
1676 3229 1711 3234 —
1735 3214 1854 3246 Gregorii
1873 3214 1997 3239 sententia
2017 3213 2155 3239 exhibetur

1194 3262 1221 3287 ll.
1241 3261 1335 3287 Homil.
1354 3261 1379 3286 in
1398 3261 1498 3292 Evang.
1519 3259 1608 3286 homil.
1628 3259 1671 3285 37.
1690 3267 1715 3285 n.
1734 3260 1758 3284 2.
1778 3262 1803 3284 et
1816 3258 1970 3291 proponitur
1982 3257 2072 3283 verbis
2084 3258 2155 3283 Glosr

1194 3313 1239 3332 sae
1258 3304 1414 3332 ordinariae
1433 3305 1458 3330 in
1479 3305 1540 3330 Luc..
1561 3304 1609 3335 Η,
1629 3304 1672 3329 26.

1266 3349 1288 3364 ¹¹
1308 3351 1367 3376 Loc.
1388 3349 1428 3375 cit.
1447 3362 1483 3368 ——
1502 3348 1617 3374 Subinde
1643 3348 1787 3379 allegantur
1807 3347 1876 3372 loan.
1898 3347 1944 3377 ⁴2,
1964 3346 2006 3372 25.
2026 3349 2051 3371 et
2068 3346 2155 3377 Augu-

1194 3396 1251 3421 stini
1270 3395 1396 3426 expositio
1417 3394 1493 3420 liuius
1514 3393 1562 3419 loci
1582 3393 1619 3425 (in
1638 3393 1708 3418 loan,
1728 3393 1825 3424 Evang.
1846 3395 1877 3418 tr.
1897 3391 1939 3416 51.
1958 3399 1984 3416 n.
2007 3391 2067 3417 toa.

2206 1741 2217 1756 e
2236 1735 2317 1756 odium.
