2427 3872
319 279 382 311 718

566 321 631 347 cun
651 320 707 353 (27)

318 374 372 393 non
392 366 559 399 consequitur
583 365 629 397 qui
658 371 710 389 non
738 364 793 388 vult
812 362 886 395 sequi
910 361 953 386 Vll

320 412 366 437 354
391 412 424 436 53
443 424 478 429 -—
495 410 627 436 Christum
642 410 734 433 frustra
747 406 889 439 sequimur⁷
904 404 953 430 nisi

320 460 511 487 consequamur
532 453 581 478 466
602 452 634 478 48

372 513 407 516 -
426 498 475 530 Qui
494 496 624 522 Christum
644 496 699 521 vult
727 496 840 526 perfecte
860 491 953 517 imitari

321 541 517 566 fundamentum
547 538 711 564 habitationis
739 537 847 562 collocat
874 540 953 565 supra

319 588 418 617 petram
440 584 480 608 Vll
502 583 551 608 378
573 583 605 607 59
626 596 658 600 ——
679 581 727 613 Qui
748 580 865 612 sequitur
884 577 953 603 Chri-

318 633 387 655 stum
407 635 459 653 non
478 627 583 652 offendit
603 626 634 651 Vl
658 626 708 650 398
729 625 761 649 48
780 637 815 642 -
835 624 953 654 Sequens

319 672 449 699 Christum
470 671 547 697 habet
567 671 655 696 lumen
676 669 716 694 Vll
738 668 787 693 472
809 668 841 691 66
854 680 890 685 -
903 666 952 698 Qui

318 717 431 748 captivat
459 716 615 741 intellectum
640 713 741 739 Christo
765 718 815 736 non
836 717 952 736 excaeca-

319 765 360 786 tur
379 768 425 792 per
444 766 558 785 errorem
580 758 611 783 Vl
631 757 681 782 358
703 757 735 781 48
754 769 789 773 ——
802 755 851 787 Qui
871 754 952 779 imita-

319 809 360 830 tur
379 804 509 830 Christum
533 802 648 827 induitur
667 800 756 826 habitu
775 798 952 824 conversatio—

318 850 358 875 nis
377 852 479 874 sanetae
498 848 540 873 Vll
560 848 611 872 213
632 847 673 871 86.
693 845 743 870 234
764 844 797 869 55

371 907 405 910 -
424 892 554 917 Christum
573 890 647 922 sequi
673 892 711 914 est
734 895 781 920 per
810 888 951 913 intellectus

318 936 519 968 captivationem
540 935 569 959 Vi
591 935 641 959 358
669 934 701 958 48
721 947 755 950 ——
775 932 853 964 Sequi
881 931 952 957 Chri-

316 984 386 1006 stum
406 983 444 1005 est
463 986 510 1011 per
529 978 717 1004 subiectionem
732 976 895 1002 obedientiae
908 975 951 1000 Vll

318 1025 368 1050 472
388 1025 420 1049 66
440 1038 475 1042 —
494 1024 526 1049 ad
546 1022 709 1055 sequendum
736 1021 861 1046 humilem
880 1020 951 1046 Chri-

315 1072 384 1094 stum
403 1067 532 1094 debemus
550 1067 681 1098 captivare
696 1072 811 1095 sensum,
829 1066 950 1090 affectum

317 1116 341 1138 et
357 1112 511 1137 intellectum
532 1111 557 1136 in
570 1111 626 1136 eius
639 1109 795 1142 obsequium
810 1116 857 1141 per
870 1109 952 1134 omni-

316 1157 422 1182 modam
442 1155 613 1181 humilitatem
642 1155 692 1179 228
713 1154 745 1178 37
765 1168 800 1172 —
820 1153 950 1179 Christum

315 1199 421 1232 superbi
442 1199 602 1231 despiciunt,
621 1198 666 1224 sed
693 1197 805 1223 humiles
829 1197 953 1222 comitan-

315 1248 356 1269 tur
376 1244 425 1268 375
445 1243 473 1268 5l
497 1256 532 1261 —
551 1246 628 1268 vocat
655 1242 801 1273 simplicem
822 1244 847 1266 et
866 1241 952 1266 humi-

314 1288 364 1313 lem
378 1287 411 1313 ad
424 1294 498 1313 suam
512 1287 646 1319 sequelam
660 1287 711 1311 250
727 1286 777 1311 406
791 1300 823 1304 -
839 1286 952 1318 Sequen-

316 1331 384 1357 tibus
404 1331 533 1357 Chr1stum
562 1331 708 1356 necessaria
737 1333 776 1355 est
799 1330 951 1362 simplicitas

315 1376 365 1402 249
386 1376 444 1401 403.
466 1375 516 1400 250
537 1375 587 1399 406

367 1434 400 1438 -
420 1420 446 1445 1η
465 1419 600 1452 sequendo
620 1418 749 1444 ChrIstum
769 1421 870 1450 septem
890 1421 952 1444 sunt

313 1464 499 1496 impedimenta
521 1464 562 1489 Vll
592 1463 642 1488 430
662 1463 696 1488 69
715 1476 750 1481 --
770 1463 882 1495 Quidam
906 1469 951 1488 no-

314 1509 368 1533 lunt
386 1508 459 1541 sequi
479 1507 609 1534 Christum
629 1514 719 1533 amore
732 1507 875 1539 praesentis
893 1514 951 1539 pro-

313 1552 456 1585 speritatiS,
475 1552 583 1585 quidam
604 1552 698 1577 timore
719 1553 819 1577 futurae
833 1551 951 1577 adversi-

313 1597 371 1622 tatis
390 1597 421 1622 Vl
442 1597 492 1622 584
512 1597 527 1621 5
542 1611 575 1614 -
595 1596 706 1629 Quidam
721 1596 857 1628 negligunt
875 1596 949 1629 sequi

313 1641 443 1667 Christum
463 1641 597 1666 affcctione
625 1641 734 1672 carnali,
754 1640 863 1673 quidam
883 1640 949 1666 solli-

313 1686 426 1711 citudine
451 1686 587 1717 temporali
612 1684 644 1711 ib.
671 1686 685 1710 6
710 1698 745 1703 —
765 1685 877 1717 Quidam
897 1692 949 1710 non

313 1733 422 1761 possunt
440 1730 514 1762 sequi
534 1729 665 1755 Christum
691 1732 799 1761 propter
819 1729 950 1761 perversi-

312 1777 389 1800 tatem
409 1774 570 1805 intentionis,
590 1774 700 1807 quidam
721 1777 827 1806 propter
841 1773 949 1799 iniirmi-

314 1822 391 1844 tatem
411 1818 513 1844 virtutis
532 1818 567 1844 ib.
578 1818 594 1843 7
607 1832 642 1837 —
657 1818 769 1850 Quidam
783 1818 949 1843 simulatione

311 1862 477 1893 ostendebat,
491 1870 519 1888 se
538 1862 634 1888 habere
647 1863 807 1888 voluntatem
822 1862 949 1895 sequendi

312 1906 442 1932 Christum
462 1908 590 1939 perfecte,
609 1907 655 1932 sed
681 1907 780 1939 duplici
806 1907 886 1932 corde
906 1907 947 1932 Vll

312 1951 362 1976 249
388 1952 432 1976 103

364 2009 399 2015 -
418 1996 522 2021 dimittit
541 1995 671 2028 quosdam
692 1999 799 2027 propter
819 1995 950 2020 infirmita-

313 2045 379 2072 tem,
399 2040 528 2073 quosdam
548 2040 661 2066 admittit
679 2042 786 2072 propter
799 2040 949 2065 fidelitatem

311 2079 353 2110 'vll
374 2084 423 2110 207
451 2084 482 2109 67
502 2098 537 2102 —-
555 2084 686 2117 quosdam
711 2084 815 2109 attrahit
841 2087 949 2116 propter

312 2129 477 2154 idoneitatem
498 2127 558 2155 ibid.
571 2143 606 2147 —-
619 2128 749 2161 quosdam
769 2128 870 2160 repellit
889 2135 949 2160 pro-

311 2176 369 2205 pter
388 2173 557 2205 cupiditatem
578 2172 639 2199 ibid.
652 2186 686 2192 —
701 2174 827 2198 innocens
840 2176 949 2198 vocatus

310 2224 324 2242 a
344 2217 445 2243 Christo
464 2218 576 2250 puritate
594 2224 646 2243 non
665 2216 767 2243 celabat
786 2217 872 2242 cordis
891 2217 949 2242 affe-

311 2265 381 2287 ctum
400 2269 449 2287 nec
473 2261 601 2287 refutabat
629 2261 778 2291 consilium,
804 2261 949 2286 humilitate

309 2309 412 2332 mortuo
425 2307 491 2338 patri
505 2306 657 2338 impendere
668 2305 772 2331 volebat
782 2305 948 2338 obsequium,

310 2354 397 2376 motus
410 2350 556 2376 obedientia
568 2350 649 2376 divini
660 2350 802 2382 praecepti,
813 2350 948 2375 clementia

309 2395 388 2420 animi
407 2399 432 2420 et
449 2395 638 2420 consuetudine
657 2394 781 2420 laudabili
795 2394 846 2419 250
862 2394 912 2419 406

364 2453 396 2457 ——
418 2440 513 2464 Volens
532 2439 607 2472 sequi
635 2438 767 2464 Christum
793 2446 845 2464 non
869 2438 948 2464 debet

309 2483 429 2508 vacillare
448 2484 539 2509 affectu
559 2484 653 2508 carnali
668 2483 701 2509 ad
715 2490 776 2509 suos
789 2483 947 2509 domesticos

310 2528 352 2553 Vll
373 2528 418 2553 251
447 2528 494 2552 109
513 2542 548 2546 -—
567 2528 777 2553 Fundamentum
806 2527 947 2559 spiritualis

309 2572 447 2597 comitatus
457 2576 495 2598 est
508 2572 683 2597 carnalitatem
698 2579 803 2598 omnem
817 2572 947 2597 declinare

310 2616 366 2641 sivo
386 2616 418 2641 ad
437 2623 465 2641 se
494 2617 549 2641 sive
577 2616 611 2641 ad
637 2619 758 2648 parentes
782 2617 833 2641 376
858 2616 890 2641 53
911 2630 946 2635 --

310 2660 484 2691 Discipulatus
493 2660 587 2686 Christi
601 2660 790 2685 desiderandus
804 2660 835 2685 Vl
847 2660 897 2685 379
913 2660 946 2685 34

310 2719 344 2722 -
363 2704 506 2730 Comitatus
525 2704 619 2730 Christi
633 2704 775 2735 corporalis
788 2707 827 2729 est
840 2704 944 2735 signum

309 2749 450 2780 spiritualis
469 2749 510 2773 Vll
531 2748 582 2773 375
601 2749 629 2773 51
917 2776 919 2778 ,

353 2806 388 2811 -
402 2793 479 2825 Sequi
494 2792 624 2818 Christum
639 2795 677 2817 est
690 2799 737 2823 per
747 2792 815 2817 vitae
826 2792 947 2824 asperita-

310 2839 370 2867 tem,
384 2844 471 2862 rerum
483 2836 674 2862 mendicitatem
687 2840 711 2861 et
721 2837 808 2862 cordis
820 2836 946 2861 humilita-

310 2885 362 2906 tem
384 2881 424 2907 vll
446 2881 494 2906 463
511 2881 538 2906 41
563 2896 597 2899 ——
617 2881 690 2914 sequi
711 2881 842 2907 Christum
863 2884 901 2906 est
919 2888 946 2906 se

309 2927 422 2956 perfecte
441 2926 472 2951 illi
487 2926 653 2957 contigurare
667 2925 726 2952 ibid.
746 2939 782 2944 —-
800 2925 839 2951 Ad
853 2925 945 2951 Christi

309 2971 450 3001 perfectam
464 2970 634 2995 imitationem
648 2977 697 2995 nou
709 2970 803 2995 suflicit
817 2970 946 2995 humilitas

309 3018 333 3039 et
353 3015 497 3044 austeritas,
510 3014 554 3039 sed
570 3015 647 3040 etiam
662 3015 807 3039 necessaria
827 3017 865 3039 est
885 3021 946 3046 pau-

309 3062 395 3089 pertas
409 3059 460 3083 228
481 3059 513 3083 38
527 3072 561 3077 -
575 3059 656 3084 Nemo
676 3061 760 3090 potest
773 3061 896 3084 oneratus
909 3066 945 3084 sc-

308 3102 353 3134 qui
367 3101 497 3127 Christum
512 3102 573 3128 ibid.
587 3117 620 3120 —
632 3103 679 3134 Qui
690 3103 775 3134 surgit
785 3103 921 3134 expeditus
931 3110 945 3128 a

309 3146 495 3177 temporalibus
509 3150 593 3177 potest
605 3146 736 3172 Christum
748 3154 794 3178 per
805 3146 875 3171 viam
890 3154 945 3178 per-

310 3190 425 3214 fectionis
443 3191 517 3222 sequi
532 3191 582 3216 430
608 3191 640 3215 69
661 3204 696 3209 —-
715 3191 794 3223 Sequi
813 3190 944 3216 Christum

308 3238 455 3259 currentem
468 3241 522 3259 non
535 3241 689 3266 possumus,
702 3234 749 3260 nisi
763 3241 946 3267 exoneramur,

308 3283 357 3302 nee
377 3278 462 3309 ipsum
482 3278 608 3310 consequi
634 3278 683 3303 466
714 3279 745 3304 48
766 3293 800 3296 -
819 3286 871 3304 non
890 3279 946 3304 vult

309 3321 405 3346 habere
430 3322 551 3346 comitem
579 3323 623 3354 qui
653 3323 743 3354 diligat
772 3326 873 3348 terrena
893 3322 944 3348 249

309 3365 360 3389 404
380 3378 413 3383 -
434 3366 481 3397 Qui
502 3366 586 3397 diligit
605 3369 704 3391 terrena
724 3374 776 3392 non
791 3370 876 3399 potest
889 3373 944 3398 per·

305 3409 373 3433 [ecte
393 3408 485 3433 imitari
505 3409 635 3435 Christum
655 3409 715 3436 ibid.

1176 266 1288 302 INDEX
1314 269 1441 301 RERUM

1043 372 1079 378 --
1099 358 1176 390 Sequi
1190 357 1321 383 Christum
1335 364 1386 382 non
1400 359 1486 388 potest
1498 356 1544 389 qui
1557 358 1630 388 prius

992 410 1044 428 non
1064 402 1194 427 renuntiat
1213 401 1313 427 mundo
1332 401 1376 426 vu
1398 401 1450 426 429-
1468 400 1511 426 67.
1530 401 1577 426 514
1596 401 1629 425 32

991 460 1026 465 -
1045 446 1099 471 Non
1119 448 1205 477 potest
1218 445 1333 476 perfecte
1346 444 1421 477 sequi
1434 444 1566 470 Christum
1580 444 1629 469 nisi

990 490 1034 523 qui
1064 489 1194 515 renuntiat
1221 487 1345 514 omnibus
1373 495 1420 520 per
1449 491 1629 520 contemptum

991 534 1173 566 temporalium
1195 533 1245 558 380
1266 532 1299 557 65
1318 546 1353 551 —
1373 532 1548 564 Discipulatus
1560 531 1630 557 Chri-

990 578 1021 603 sti
1049 585 1079 603 ex
1105 577 1256 603 necessitate
1279 577 1389 609 requirit
1412 577 1629 602 renuntiationem

989 625 1117 655 quantum
1131 622 1163 647 ad
1178 624 1341 646 terrenorum
1355 624 1534 652 contemptum
1549 619 1582 646 ib.
1595 621 1628 645 66

990 680 1025 685 -
1043 673 1073 691 ex
1092 666 1325 697 supererogatione
1343 665 1452 698 requirit
1465 665 1629 691 renuntiatio-

990 717 1048 735 nem
1085 717 1135 735 non
1164 710 1250 735 solum
1277 712 1406 742 quantum
1434 709 1468 735 ad
1492 710 1628 740 affectum,

989 761 1082 779 verum
1101 754 1178 779 etiam
1199 754 1233 779 ad
1252 760 1308 779 rem
1325 752 1389 779 ibid.
1400 767 1436 772 —
1448 753 1628 779 Necessarium

989 802 1028 824 est
1046 799 1168 831 perfectis
1192 798 1285 824 Christi
1314 798 1463 830 discipulis,
1483 801 1511 823 ut
1530 799 1629 823 confor-

990 850 1046 869 mes
1063 843 1116 868 sint
1134 843 1281 874 paupertati
1301 842 1414 874 Magistri
1428 841 1491 868 ibid.
1503 855 1539 861 —
1552 842 1629 867 Disci-

989 888 1067 919 pulus
1086 887 1210 920 pauperis
1235 886 1355 913 Crucilixi
1380 894 1433 912 non
1459 889 1544 919 potest
1572 893 1629 912 esse

988 932 1033 965 qui
1053 931 1189 957 consilium
1210 931 1372 963 paupertatis
1390 931 1530 956 contemnit
1550 929 1610 956 ibid.

1042 989 1077 995 —
1095 976 1129 1001 ad
1149 976 1313 1008 sequendum
1327 975 1459 1001 Christum
1472 974 1551 1001 debet
1569 975 1628 1008 quis

990 1021 1056 1046 serre
1074 1027 1180 1046 crucem
1201 1027 1247 1052 per
1272 1020 1422 1045 continuam
1451 1020 1627 1045 austeritatem

990 1065 1032 1090 Vll
1052 1065 1103 1090 228
1123 1065 1157 1090 37
1176 1078 1212 1083 —
1230 1064 1280 1096 Qui
1299 1064 1355 1090 vult
1383 1064 1456 1097 sequi
1481 1064 1627 1094 Christum,

988 1111 1092 1140 oportet
1101 1109 1173 1141 quod
1183 1109 1329 1134 voluntarie
1338 1111 1423 1140 portet
1432 1115 1538 1134 crucem
1551 1115 1626 1133 suam

989 1160 1018 1179 ex
1038 1154 1172 1179 voluntate
1191 1153 1310 1185 propria,
1324 1160 1377 1178 non
1396 1153 1421 1178 iu
1440 1152 1548 1184 angaria
1561 1153 1628 1178 sicut

989 1198 1100 1223 alienam
1121 1197 1172 1222 376
1193 1197 1226 1223 55
1245 1211 1281 1216 —
1300 1197 1493 1222 consummatio
1512 1197 1627 1229 discipu-

989 1242 1055 1267 latus
1073 1241 1166 1268 Christi
1185 1245 1211 1266 et
1228 1241 1367 1267 comitatus
1385 1244 1425 1266 est
1437 1241 1463 1266 in
1485 1240 1626 1267 baiulando

989 1293 1094 1312 crucem
1114 1285 1148 1312 ib.
1168 1285 1201 1311 54
1220 1299 1256 1304 —-
1275 1285 1330 1311 Non
1355 1288 1394 1311 est
1419 1285 1563 1317 discipulus
1581 1285 1626 1318 qui

989 1337 1049 1356 cum
1061 1337 1138 1356 eruce
1151 1337 1203 1355 non
1217 1330 1273 1355 vult
1286 1336 1346 1355 eum
1357 1330 1431 1362 sequi
1445 1328 1479 1355 ib.
1493 1329 1526 1355 55
1539 1344 1574 1348 —-
1587 1330 1627 1355 Di-

989 1367 1105 1406 scipulus
1132 1374 1227 1400 Christi
1258 1381 1305 1406 per
1334 1380 1439 1399 crucem
1464 1374 1627 1406 dignoscitur

988 1418 1050 1445 ibid.

1041 1477 1076 1482 —
1095 1464 1209 1495 perfecte
1228 1463 1369 1488 imitandus
1388 1470 1435 1494 per
1458 1470 1564 1489 crucem
1583 1463 1627 1489 Vll

989 1509 1040 1534 225
1061 1508 1093 1533 29
1117 1522 1151 1526 —-
1180 1508 1356 1533 Perfectorum
1384 1510 1423 1533 est
1451 1507 1545 1533 imitari
1571 1514 1628 1539 pas-

987 1553 1088 1578 sionem
1108 1552 1201 1578 Christi
1225 1552 1255 1577 Vt
1274 1551 1324 1577 594
1350 1553 1365 1577 2
1391 1566 1426 1570 —-
1447 1552 1514 1578 Socii
1533 1551 1626 1578 Christi

987 1600 1048 1623 sunt
1067 1597 1112 1630 qui
1132 1603 1193 1622 cum
1213 1596 1254 1622 illo
1275 1596 1398 1622 incedunt
1412 1603 1458 1628 per
1472 1596 1554 1622 ardua
1569 1603 1627 1628 pas-

987 1642 1068 1667 sionis
1087 1642 1138 1666 628
1164 1642 1179 1666 3
1208 1655 1243 1660 -
1267 1641 1307 1666 Ad
1335 1640 1489 1666 imitandam
1514 1644 1626 1667 mortem

987 1686 1080 1712 Christi
1100 1685 1250 1718 obligamur
1268 1692 1297 1711 ex
1311 1684 1414 1717 debito,
1428 1685 1556 1711 allicimur
1569 1693 1626 1718 pro-

987 1731 1067 1756 misso
1087 1731 1171 1761 vitae,
1191 1730 1340 1755 animamur
1359 1730 1477 1762 exemplo
1497 1730 1548 1755 592
1562 1731 1578 1756 5
1592 1745 1627 1748 —

988 1776 1087 1801 Servus
1105 1774 1199 1800 Christi
1214 1773 1292 1800 debet
1306 1781 1366 1800 eum
1380 1774 1454 1807 sequi
1470 1781 1516 1806 per
1530 1774 1628 1806 passio·

986 1820 1027 1845 nis
1046 1820 1166 1851 vestigia,
1179 1822 1215 1850 ut,
1229 1819 1295 1845 sicut
1309 1819 1423 1844 imitatur
1436 1819 1464 1844 in
1477 1826 1570 1851 poena,
1589 1819 1626 1845 sic

987 1867 1011 1889 et
1030 1864 1056 1889 in
1076 1864 1158 1895 gloria
1180 1863 1230 1889 418
1245 1855 1281 1889 33⁴
1292 1878 1325 1881 -
1339 1863 1515 1896 §equentibus
1532 1863 1626 1889 chrisa

986 1909 1129 1934 imitati0ne
1148 1908 1277 1940 passionis
1297 1907 1456 1940 promittitur
1476 1908 1557 1939 gloria
1583 1908 1626 1933 Vll

988 1953 1038 1978 445
1051 1953 1065 1977 8
1076 1966 1111 1971 -
1121 1952 1201 1982 Beati,
1214 1952 1259 1984 qui
1271 1952 1481 1983 persecutionem
1493 1952 1627 1983 patiuntur

987 2001 1093 2029 propter
1121 2004 1216 2022 nomen
1244 1996 1340 2022 Christi
1368 1996 1400 2021 Vl
1431 1996 1481 2022 453
1510 1996 1553 2022 34.
1582 1997 1624 2022 Vll

987 2041 1038 2067 449
1058 2041 1091 2066 54

1039 2100 1074 2105 -
1089 2085 1194 2111 Turbae
1207 2088 1353 2118 sequuntur
1366 2084 1497 2111 Christum
1511 2092 1559 2116 per
1572 2085 1626 2116 pla-

986 2130 1074 2156 nitiem
1105 2130 1303 2162 mandatorum,
1332 2129 1454 2162 discipuli
1483 2136 1529 2161 per
1554 2136 1625 2154 mon-

986 2177 1044 2200 tana
1064 2175 1245 2206 consiliorum,
1265 2174 1381 2206 Apostoli
1400 2181 1446 2206 per
1465 2174 1564 2200 excelsa
1584 2181 1625 2199 su-

986 2219 1217 2251 pererogationum
1242 2219 1274 2244 Vl
1305 2219 1355 2244 583
1385 2219 1395 2243 4
1418 2232 1454 2237 -
1473 2218 1625 2250 lncipientes

986 2266 1131 2297 sequuntur
1141 2263 1272 2290 Christum
1286 2270 1334 2295 per
1347 2263 1416 2288 viam
1430 2263 1624 2295 mandatorum,

986 2308 1151 2340 proficientes
1170 2315 1217 2340 per
1236 2308 1356 2333 semitam
1376 2307 1554 2337 consiliorum,
1568 2314 1624 2339 per-

987 2353 1045 2378 fecti
1070 2359 1118 2384 per
1146 2352 1334 2383 compendium
1360 2351 1623 2384 supererogationum

985 2396 1046 2422 ibid.
1065 2411 1101 2416 -
1125 2397 1234 2422 Animae
1260 2396 1350 2421 fideles
1377 2398 1523 2428 sequuntur
1551 2395 1624 2421 Chri-

984 2444 1053 2466 stum
1074 2441 1099 2466 in
1118 2441 1160 2466 via
1181 2440 1365 2466 mandatorum
1386 2446 1433 2472 per
1453 2439 1531 2465 fldem
1551 2446 1624 2471 aspe-

984 2489 1055 2510 ctum
1075 2485 1246 2516 dirigentem,
1266 2484 1399 2510 caritatem
1413 2484 1534 2509 affectum
1548 2487 1624 2509 attra-

983 2531 1088 2555 hentem
1108 2533 1133 2555 et
1145 2529 1322 2555 obedientiam
1335 2529 1456 2554 effectum
1470 2531 1623 2560 operantem

983 2573 1016 2600 ib.
1037 2575 1052 2599 2
1072 2587 1107 2593 --
1127 2574 1235 2599 Animae
1264 2573 1353 2598 fideles
1381 2575 1527 2605 sequuntur
1551 2572 1623 2598 Chri-

982 2621 1051 2643 stum
1071 2625 1119 2650 per
1138 2618 1244 2644 consilia
1270 2625 1317 2649 per
1341 2617 1426 2643 carnis
1451 2616 1624 2642 mortificatio-

983 2670 1057 2693 nem,
1077 2670 1124 2694 per
1153 2662 1336 2693 temporalium
1362 2661 1556 2691 dimissionem,
1577 2668 1623 2692 per

984 2707 1107 2738 propriae
1130 2706 1270 2731 voluntatis
1298 2705 1470 2731 abiectionem
1495 2704 1527 2730 ib.
1553 2705 1568 2730 3
1589 2718 1623 2722 —

984 2750 1093 2782 Animae
1122 2750 1212 2775 fideles
1239 2752 1385 2782 sequuntur
1412 2748 1544 2775 Christum
1576 2756 1623 2780 per

983 2794 1230 2825 supererogationes
1249 2793 1398 2818 excellentia
1423 2793 1543 2825 puritatis
1561 2800 1622 2818 cum

984 2837 1138 2869 virginibus,
1158 2837 1306 2862 excellentia
1327 2836 1463 2868 probitatis
1482 2844 1541 2862 cum
1556 2838 1622 2869 Apo-

983 2882 1068 2912 stolis,
1089 2882 1231 2907 imitatione
1251 2881 1378 2913 passionis
1392 2888 1452 2906 cum
1467 2881 1622 2912 Martyribus

983 2926 1017 2952 ib.
1039 2925 1052 2951 4
1533 2956 1535 2959 r

1036 2985 1070 2988 —
1091 2970 1235 2996 lmitatores
1254 2969 1348 2995 Christi
1367 2970 1453 3001 inopia
1473 2969 1566 2995 Christi
1586 2969 1622 2994 di-

983 3015 1049 3040 vites
1070 3015 1128 3040 facti
1147 3018 1208 3040 sunt
1236 3014 1279 3039 vlt
1306 3013 1356 3039 249
1385 3014 1434 3039 405
1453 3027 1488 3033 -
1508 3014 1621 3039 imitator

982 3058 1075 3084 Christi
1095 3059 1170 3084 dives
1189 3062 1236 3090 est,
1256 3058 1318 3083 nihil
1343 3058 1443 3083 habens
1462 3058 1621 3090 proprietate

982 3106 1007 3128 et
1026 3106 1107 3128 totum
1128 3103 1265 3134 possidens
1285 3102 1391 3127 caritate
1411 3101 1470 3128 ibid.

1035 3162 1070 3165 -—
1101 3147 1244 3172 imitatores
1271 3146 1365 3172 Christi
1392 3146 1489 3171 debent
1521 3145 1619 3171 bonum

982 3192 1131 3223 exemplum
1152 3190 1314 3216 ostendendo
1333 3191 1435 3222 praeire
1455 3190 1486 3215 Vl
1507 3189 1557 3215 384
1578 3190 1593 3215 5

1034 3235 1107 3261 Cmus
1126 3249 1160 3253 —
1179 3237 1305 3260 sustentat
1330 3241 1377 3266 per
1401 3241 1476 3260 suam
1501 3233 1621 3259 substan-

982 3279 1044 3304 tiam
1070 3282 1095 3304 et
1114 3279 1225 3304 delectat
1249 3285 1297 3310 per
1320 3285 1441 3310 saporem
1470 3278 1503 3303 Vl
1523 3278 1574 3303 215
1594 3285 1619 3303 v.

982 3323 1011 3348 21
1036 3337 1070 3341 -
1089 3323 1200 3349 Ultimus
1217 3324 1325 3348 effectus
1344 3322 1393 3347 cibi
1410 3325 1448 3348 est
1464 3329 1621 3348 conservare

982 3366 1034 3392 334
1054 3367 1087 3392 90
1108 3366 1137 3392 2·
1157 3381 1190 3385 -
1209 3365 1265 3392 Cibi
1284 3367 1433 3398 corporales
1452 3366 1485 3392 ad
1505 3373 1620 3392 momen-

982 3415 1038 3437 tum
1058 3411 1177 3439 reflciunt
1201 3413 1226 3436 et
1250 3410 1375 3436 deficiunt
1394 3411 1443 3436 333
1465 3412 1499 3436 85
1526 3424 1561 3430 —
1590 3412 1619 3436 ex'

1964 313 2015 340 Clss

1667 357 1820 383 necessitate
1842 360 1882 383 est
1906 358 2025 390 corporis
2052 357 2170 383 animalis
2188 360 2304 389 tantum,

1667 407 1733 432 pure
1751 408 1783 426 ex
1806 404 1934 433 potestate
1956 406 1995 427 est
2013 402 2090 427 etiam
2115 401 2233 433 corporis
2252 402 2305 433 glo-

1667 445 1728 470 riosi
1748 448 1774 470 et
1796 446 1937 477 spiritualis
1961 446 2012 472 524
2039 446 2071 471 27
2092 460 2126 464 -
2144 446 2165 471 Α
2183 444 2243 471 cibo
2262 445 2306 471 ali-

1666 489 1774 522 quando
1792 490 1952 515 contrahitur
1972 490 2106 516 infirmitas
2119 490 2169 515 558
2190 496 2216 515 v.
2235 489 2267 515 46
2288 489 2304 514 3

1666 546 1702 552 -
1719 533 1770 559 cibi
1784 541 1835 559 non
1855 534 1985 559 immundi
1999 535 2049 560 293
2070 535 2104 560 25
2117 548 2152 552 -
2164 535 2304 559 vehemen-

1667 581 1705 603 ter
1724 577 1902 609 desideratur,
1921 578 2003 604 reficit
2020 579 2092 604 ilium
2114 578 2161 611 qui
2188 577 2305 610 cibatur,

1666 622 1691 647 in
1711 628 1808 654 corpus
1826 622 1951 648 traiicitur
1971 623 2020 648 299
2041 623 2075 647 66

1718 679 1755 685 -
1772 673 1819 698 per
1838 666 1981 698 gratiarum
2007 667 2134 693 actionem
2160 666 2305 692 sanctifica-

1666 713 1708 736 tur
1727 711 1759 736 Vl
1779 711 1826 736 324
1852 711 1884 736 46
1897 724 1934 730 —-
1946 710 2079 737 Debemus
2098 717 2202 736 sumere
2215 709 2304 736 cibum

1666 761 1727 780 cum
1747 755 1890 786 gratiarum
1904 755 2006 781 actione
2025 758 2050 781 et
2062 755 2179 781 oratione
2196 755 2247 780 322
2263 755 2306 780 22.

1667 799 1718 824 325
1746 799 1778 824 39
1799 813 1834 818 -
1857 799 2017 826 consuetum
2037 802 2077 825 est
2094 799 2207 825 maxime
2232 798 2306 824 cleri-

1666 843 1703 869 cis
1728 846 1754 868 et
1781 843 1909 875 religiosis
1937 846 1997 869 ante
2021 843 2111 869 cibum
2136 843 2305 876 praemittere

1666 887 1876 913 benedictionem
1901 888 1943 914 Vll
1976 888 2028 913 597
2059 888 2092 913 37
2121 902 2156 906 --
2184 888 2210 913 ln
2234 888 2300 913 refe-

1665 932 1751 958 ctione
1769 932 1899 964 corporali
1918 932 2051 958 miscenda
2075 935 2115 958 est
2137 932 2212 958 lectio
2231 932 2305 964 spiri-

1666 977 1741 1002 tualis
1761 977 1812 1002 366
1834 977 1866 1002 26

1716 1034 1754 1040 -
1771 1021 1882 1046 carnalis
1899 1028 1951 1046 non
1978 1024 2018 1046 est
2044 1021 2152 1047 sollicite
2170 1021 2302 1054 requiren-

1664 1065 1728 1096 dus,
1747 1065 1794 1091 sed
1817 1065 1893 1091 cibus
1915 1065 2057 1098 spiritualis
2084 1065 2116 1091 Vl
2140 1065 2192 1091 325
2214 1064 2246 1090 43
2267 1079 2302 1083 —-

1664 1110 1805 1142 spIritualis
1824 1113 1863 1135 est
1881 1109 1993 1135 verbum
2013 1110 2071 1140 Dei,
2091 1110 2136 1143 qui
2156 1109 2202 1135 dat
2221 1109 2302 1135 vitam

1663 1158 1796 1180 aeternam
1815 1153 1876 1180 ibid.
1895 1168 1931 1173 —
1950 1154 2093 1186 corporalis
2112 1161 2163 1180 non
2182 1157 2221 1180 est
2234 1154 2306 1186 prin-

1663 1199 1780 1231 cipaliter
1792 1199 1961 1232 quaerendus
1974 1199 2000 1224 in
2013 1199 2165 1230 operatione
2182 1205 2230 1224 nec
2243 1205 2303 1224 cum

1663 1243 1849 1275 sollicitudine,
1869 1243 1904 1268 ita
1923 1246 1951 1268 ut
1964 1250 2038 1268 meus
2051 1242 2223 1268 absorbeatur
2235 1243 2304 1269 circa

1663 1290 1766 1313 terrena
1785 1294 1833 1313 nec
1852 1290 1970 1320 tempore
1990 1286 2107 1313 indebito
2127 1287 2179 1312 327
2199 1287 2227 1313 51

1718 1346 1752 1350 -
1771 1333 1799 1358 ln
1818 1332 1948 1364 praesenti
1967 1334 2006 1357 est
2024 1331 2099 1357 cibus
2120 1331 2245 1357 naturalis
2263 1338 2305 1357 su—

1663 1379 1780 1403 stentans
1798 1379 1931 1406 naturam,
1951 1376 2062 1401 carnalis
2074 1376 2193 1401 nutriens
2210 1382 2304 1401 concu-

1664 1420 1830 1453 piscentiam,
1852 1420 1990 1446 artificialis
2015 1421 2163 1446 confortans
2188 1420 2303 1445 animam

1664 1465 1697 1491 Vl
1717 1465 1769 1491 555
1791 1465 1799 1490 4
1823 1478 1859 1483 -
1883 1464 2006 1490 naturalis
2032 1464 2164 1496 condigne
2182 1467 2221 1490 est
2245 1471 2304 1496 pro-

1664 1509 1807 1535 merendus
1819 1512 1845 1535 et
1861 1508 1979 1535 modeste
1992 1509 2161 1541 accipiendus
2173 1511 2302 1542 quantum

1664 1554 1698 1580 ad
1717 1554 1822 1586 pondus
1841 1557 1867 1580 et
1885 1557 1990 1586 tempus
2013 1556 2039 1579 et
2061 1552 2202 1579 liberaliter
2220 1553 2304 1579 distri-

1664 1598 1786 1624 buendus
1810 1597 1844 1624 ib.
1864 1599 1879 1624 2
1898 1611 1933 1617 -
1953 1599 1980 1624 ln
2003 1604 2093 1623 mensa
2119 1597 2303 1629 concupiscen-

1664 1643 1714 1669 tiae
1733 1643 1894 1668 ministratur
1913 1642 1988 1668 cibus
2006 1642 2117 1667 earnalis
2129 1640 2164 1668 ib.
2189 1648 2215 1667 v.
2234 1642 2249 1666 8
2267 1654 2304 1661 —

1662 1702 1699 1707 —
1717 1688 1744 1713 ln
1757 1694 1847 1713 mensa
1861 1687 2035 1713 conscientiae
2054 1686 2252 1719 praeparandus
2265 1689 2306 1712 est

1663 1732 1738 1758 cibus
1757 1732 1899 1764 spiritualis
1917 1730 1979 1757 ibid.

1717 1790 1752 1796 —
1770 1776 1893 1802 naturalis
1907 1776 2067 1801 ministratur
2083 1774 2159 1801 nobis
2173 1774 2198 1800 in
2213 1781 2303 1800 mensa

1665 1824 1787 1852 naturae,
1806 1821 1896 1852 legalis
1908 1820 1985 1846 nobis
1998 1819 2149 1845 interdictus
2171 1819 2198 1845 in
2212 1826 2303 1845 mensa

1663 1872 1828 1898 synagogae,
1841 1864 1952 1890 carnalis
1970 1864 1996 1890 in
2010 1871 2099 1890 mensa
2119 1864 2304 1895 concupiscen-

1663 1910 1727 1943 tiae,
1747 1909 1889 1941 spiritualis
1908 1909 1933 1934 in
1953 1915 2042 1934 mensa
2056 1908 2244 1939 conscientiae,
2264 1914 2302 1933 sa·

1663 1954 1829 1980 eramentalis
1842 1954 1866 1979 in
1881 1960 1969 1979 mensa
1988 1952 2172 1984 eucharistiae,
2187 1955 2302 1978 aeterna-

1663 1998 1693 2024 lis
1713 1999 1738 2024 in
1758 2005 1849 2024 mensa
1868 1997 1967 2030 gloriae
1987 1997 2019 2023 Vl
2039 1997 2091 2023 555
2110 2004 2136 2022 v.
2158 1997 2172 2021 8

1714 2056 1750 2062 —-
1768 2042 1862 2074 culpae
1880 2041 1964 2074 perit,
1983 2041 2059 2067 cibus
2078 2041 2178 2073 gratiae
2201 2047 2303 2073 perma-

1661 2090 1704 2112 net
1722 2086 1748 2112 in
1761 2087 1842 2112 vitam
1861 2088 1993 2111 aeternam
2007 2086 2040 2111 Vl
2061 2085 2112 2111 556
2135 2085 2144 2110 4
2163 2085 2303 2116 —culpae

1661 2134 1700 2156 est
1718 2130 1848 2161 luxuriae,
1875 2130 1963 2163 gulae,
1992 2129 2145 2162 superbiae,
2175 2129 2302 2161 invidiae,

1662 2176 1728 2208 irae,
1746 2175 1871 2201 avaritiae
1893 2178 1918 2200 et
1943 2174 2043 2200 acidiae
2066 2173 2128 2200 ibid.
2148 2187 2184 2193 ·-
2203 2173 2302 2206 gratiae

1661 2219 1748 2246 reddit
1765 2220 1860 2250 vitam,
1879 2218 1955 2244 cibus
1973 2218 2116 2250 sapientiae
2134 2224 2249 2250 sensum,
2269 2217 2302 2243 ci-

1662 2263 1711 2289 bus
1730 2263 1872 2295 spiritualis
1890 2263 2002 2288 laetitiae
2020 2265 2122 2288 motum
2143 2261 2194 2288 557
2214 2262 2229 2287 2

1713 2322 1749 2327 -
1768 2308 1878 2333 carnalis
1897 2310 1936 2333 est
1949 2305 2105 2339 fugiendus,
2124 2306 2185 2339 quia
2205 2308 2244 2331 est
2256 2312 2301 2331 ve-

1661 2352 1733 2384 nalis,
1743 2352 1857 2378 reddens
1870 2358 1999 2383 egenum,
2012 2351 2134 2383 pollutus,
2148 2350 2244 2376 faciens
2257 2350 2302 2375 im-

1661 2396 1802 2428 mundum,
1823 2396 1891 2422 male
1904 2395 2058 2426 nutritivus,
2072 2395 2167 2420 faciens
2186 2393 2300 2420 debilem

1661 2444 1686 2466 et
1696 2441 1837 2471 infirmum,
1847 2440 2010 2471 depauperat
2020 2439 2173 2471 expellendo
2181 2438 2301 2470 gratiam,

1661 2484 1753 2517 polluit
1769 2484 1915 2516 ingerendo
1928 2484 2034 2515 culpam
2048 2490 2094 2509 seu
2115 2483 2253 2513 maculam,
2267 2482 2302 2507 in-

1660 2529 1746 2554 firmat
1765 2528 1960 2560 corrumpendo
1973 2528 2029 2553 sive
2049 2527 2210 2552 vulnerando
2230 2529 2301 2552 natu-

1660 2580 1715 2599 ram
1736 2573 1769 2598 Vl
1789 2573 1840 2598 556
1861 2573 1876 2598 3
1895 2586 1930 2590 ——
1949 2572 2090 2604 spiritualis
2112 2575 2151 2597 est
2174 2574 2301 2603 appeten-

1660 2618 1723 2648 dus,
1743 2617 1804 2649 quia
1830 2615 1938 2647 nobilis,
1960 2616 2022 2648 quia
2048 2615 2129 2646 utilis,
2152 2615 2220 2641 bene
2244 2615 2300 2640 refi-

1660 2662 1731 2687 ciens
1750 2664 1776 2686 et
1794 2662 1955 2691 confortans,
1973 2660 2035 2693 quia
2054 2659 2213 2685 delectabilis
2232 2658 2267 2685 ib.
2284 2658 2300 2684 4

1658 2719 1694 2724 -
1713 2704 1854 2737 spiritualis
1873 2711 1926 2729 non
1949 2704 2059 2729 delectat
2081 2706 2188 2735 propter
2207 2710 2300 2728 sensus

1660 2749 1833 2775 desectionem
1853 2749 1894 2773 vel
1914 2748 1971 2773 eius
1990 2748 2154 2773 infectionem
2180 2747 2222 2772 vel
2242 2747 2299 2773 eius

1660 2793 1829 2825 repletionem
1849 2792 1882 2818 ib.
1903 2793 1919 2818 5

1714 2852 1746 2855 —
1766 2836 1805 2862 Ob
1825 2836 1955 2862 defectum
1975 2835 2027 2861 cibi
2046 2843 2099 2861 non
2118 2835 2299 2868 derelinquen—

1659 2885 1700 2907 tur
1728 2881 1754 2906 in
1780 2881 1822 2906 via
1848 2880 1964 2906 volentes
1993 2880 2099 2905 tendere
2124 2879 2159 2905 ad
2187 2879 2297 2911 patriam

1659 2926 1701 2951 Vll
1722 2926 1773 2950 322
1794 2925 1827 2950 42
1847 2938 1882 2943 -
1901 2925 1955 2949 Non
1975 2923 2118 2955 denegabit
2143 2923 2231 2949 cibum
2251 2924 2297 2956 qui

1658 2972 1765 3001 paratus
1784 2971 1823 2994 est
1849 2968 1913 2994 dare
1934 2974 2047 3000 regnum
2067 2971 2203 2993 aeternum
2232 2966 2295 2994 ibid.

1657 3027 1692 3033 ·-·
1706 3013 1856 3039 Ministranti
1874 3012 1963 3038 cibum
1977 3012 2140 3044 corporalem
2154 3012 2298 3044 rependere

1658 3057 1787 3084 debemus
1806 3057 1967 3089 spiritualem
1981 3056 2154 3082 eruditionem
2174 3057 2226 3081 366
2246 3056 2279 3081 26

1709 3115 1745 3120 -
1764 3108 1856 3131 verus,
1870 3100 1987 3126 caelestis
2006 3103 2032 3126 et
2044 3100 2185 3132 spiritualis
2204 3100 2298 3132 figura-

1658 3145 1735 3170 batur
1754 3152 1801 3177 per
1814 3151 1909 3170 manna
1929 3144 1961 3170 Vl
1976 3144 2026 3170 327
2048 3144 2080 3169 53
2101 3159 2133 3163 -
2154 3144 2298 3176 corporalis

1659 3189 1741 3215 ’unuit
1760 3189 1920 3220 spiritualem
1935 3189 1986 3214 523
2006 3189 2039 3213 22
2053 3201 2088 3207 -
2101 3188 2229 3220 significat
2245 3195 2297 3213 ma-

1658 3234 1708 3259 lam
1729 3233 1927 3259 delectationem
1948 3232 1998 3258 558
2019 3239 2045 3257 v.
2065 3232 2097 3258 46
2119 3233 2133 3258 3

1710 3292 1745 3296 --
1764 3277 1905 3309 spiritualis
1924 3276 2031 3302 interior
2044 3276 2069 3301 in
2089 3276 2246 3302 conscientia
2259 3280 2298 3302 est

1657 3322 1732 3348 cibus
1751 3321 1865 3354 gratiae,
1883 3321 2025 3352 sapientiae
2045 3323 2070 3345 et
2088 3320 2229 3352 spiritualis
2248 3321 2298 3346 lae-

1657 3366 1740 3398 titiae,
1759 3365 1870 3391 exterior
1889 3365 1915 3390 ln
1934 3365 1987 3390 vitu
2010 3367 2049 3390 est
2067 3364 2142 3390 cibus
2165 3364 2298 3396 poeniten-

1658 3410 1721 3442 tiae,
1749 3410 1862 3436 iustitiae
1890 3412 1915 3435 et
1940 3408 2092 3441 patientiae,
2120 3408 2242 3441 superior
2269 3408 2295 3434 in
