2427 3872
314 298 379 330 704

563 339 628 365 CHR
649 338 705 371 (17)

315 392 406 411 servos
416 388 471 410 tum
483 384 571 416 quoad
582 384 662 409 vitam
674 383 787 408 activam
799 386 854 408 tum
865 381 953 415 quoad

315 428 543 460 contemplativam
558 427 590 452 Vl
605 428 638 452 22
659 434 684 452 v.
705 428 719 451 8
733 440 769 445 —
782 425 873 452 habuit
891 432 954 451 nun-

314 474 363 499 tios
382 478 566 505 praecursores
585 472 628 496 Vll
642 471 693 496 246
713 471 746 496 96

366 531 402 536 -—
420 520 459 542 est
476 516 553 542 simul
579 522 623 541 rex
643 518 669 541 et
687 513 805 541 sacerdos
824 514 866 540 Vll
887 514 919 539 43
937 514 952 539 8

315 575 347 580 -
368 564 406 586 est
425 567 468 586 rex
488 564 513 585 et
532 560 658 585 sacerdos
668 559 815 591 promissus
834 565 882 590 per
895 558 954 583 Dro-

315 607 406 637 phetas
424 605 453 629 71
480 604 494 629 4
513 618 548 623 -
567 607 606 629 051
618 610 678 635 rex,
697 603 775 629 iudex
794 606 819 628 et
838 603 953 635 pontifex

315 649 365 675 344
387 649 419 674 44
438 662 474 668 ·-
493 651 549 674 erat
567 655 689 674 summus
714 654 759 673 rex
778 651 803 673 et
828 647 953 679 magister

314 697 338 718 et
358 693 481 718 sacerdos
504 692 556 718 355
576 693 609 717 69
628 705 663 711 —-
682 691 785 718 Christo
809 692 855 717 soli
882 691 954 717 dedit

314 738 384 762 Deus
402 743 515 768 regnum
534 742 704 768 supremum,
724 736 900 761 sacerdotium
914 742 954 760 ae-

315 785 416 806 ternum
436 784 462 805 et
488 780 614 806 iudicium
641 781 824 805 universorum
848 779 900 805 547
921 779 953 804 48

313 837 349 843 --
369 823 447 849 habet
462 823 616 855 dignitatem
631 823 818 848 sacerdotalem
839 826 864 848 et
882 829 955 854 rega-

315 869 365 894 lem
385 867 532 894 secundum
557 871 677 893 naturam
697 871 842 893 assumtam
866 868 900 892 97
921 868 954 892 36

315 927 349 931 -—
362 912 458 938 Christi
471 912 647 938 sacerdotium
667 915 692 937 et
711 918 822 943 regnum
843 914 882 937 est
894 918 956 937 con-

314 958 431 982 iunctum
451 957 485 982 70
505 956 521 981 5
812 971 816 973 2

368 1015 403 1020 —-
422 1004 462 1026 est
479 1008 600 1026 summus
617 1001 731 1032 pontifex
752 1001 783 1026 Vl
804 1000 855 1026 228
875 1007 901 1025 v.
921 1000 955 1025 25

314 1058 350 1064 —
368 1045 514 1070 ostenditur
532 1045 646 1076 pontifex
666 1051 713 1076 per
735 1045 854 1070 dolorem
874 1044 956 1076 pieta-

315 1090 347 1115 tis
376 1089 419 1115 Vll
449 1089 500 1114 495
529 1089 563 1115 63
581 1103 617 1107 —
643 1089 816 1114 sacerdotalis
841 1089 956 1120 dignitas

315 1133 407 1160 Christi
427 1133 564 1159 innotescit
582 1134 606 1158 in
633 1133 767 1159 curatione
786 1136 955 1165 peccatorum

320 1179 362 1203 121
387 1179 414 1203 31
440 1192 475 1196 —-
494 1180 522 1203 ut
540 1177 664 1203 sacerdos
683 1178 779 1203 assistit
804 1178 955 1209 conspectui

315 1222 405 1248 divino
421 1222 453 1247 45
474 1222 506 1247 13
525 1235 562 1241 —-
580 1221 726 1247 secundum
741 1222 815 1254 quod
832 1222 956 1248 sacerdos

316 1266 458 1292 sanctificat
470 1273 519 1298 per
538 1266 664 1292 sacrificia
678 1269 703 1292 et
722 1267 890 1292 Sacramenta
904 1266 955 1292 468

316 1310 350 1336 54
369 1325 403 1329 —
423 1311 471 1336 Per
490 1310 667 1336 sacerdotium
686 1310 780 1336 Christi
794 1311 820 1335 in
840 1310 957 1342 adoptio-

316 1362 375 1381 nem
404 1355 518 1380 filiorum
545 1361 741 1388 regeneramur,
760 1355 919 1381 reconciliati
941 1361 955 1381 a

316 1403 383 1425 statu
403 1399 504 1431 peccati
522 1394 557 1424 '87
577 1399 610 1424 60

354 1477 357 1479 Ι
369 1457 405 1462 ——
423 1444 547 1469 sacerdos
559 1444 707 1469 secundum
721 1444 842 1469 ordinem
856 1444 957 1469 Melchi—

316 1488 412 1514 sedech
438 1488 524 1519 venit‚
542 1491 660 1514 cessante
679 1488 799 1514 unctione
817 1488 957 1514 sacerdotii

318 1532 414 1558 levitici
430 1532 470 1557 Vll
490 1532 524 1557 70
542 1532 556 1557 4
570 1546 605 1551 —-
617 1532 707 1558 noluit-
717 1533 801 1558 videri
821 1533 957 1558 adversari

318 1576 498 1602 sacerdotibus
518 1577 563 1602 424
589 1577 617 1602 34

355 1621 387 1646 47
406 1635 441 1639 -
454 1621 549 1646 dicitur
562 1624 641 1653 caput
662 1622 791 1647 Ecclesiae
809 1621 955 1647 secundum

318 1665 390 1698 quod
410 1665 538 1690 mediator
552 1666 583 1690 Vl
605 1665 655 1691 449
676 1666 709 1691 15
728 1680 762 1684 —-
775 1666 885 1691 Ratione
898 1673 958 1698 gra-

319 1710 369 1735 tiae
389 1709 491 1735 unionis
509 1712 535 1735 et
553 1710 694 1741 singularis
712 1710 760 1735 fuit
777 1713 857 1741 caput
874 1710 957 1735 Eccle-

319 1753 372 1779 siae
391 1757 416 1779 et
434 1753 519 1779 innuit
537 1754 647 1785 gratiam
667 1754 693 1779 in
712 1753 833 1779 membra
852 1754 904 1780 255
925 1754 952 1779 41

319 1811 353 1816 —
373 1798 467 1823 dicitur
491 1801 570 1829 caput
595 1798 741 1824 secundum
770 1801 890 1824 naturam
910 1799 959 1824 hu-

319 1849 424 1867 manam
444 1842 543 1867 unitam
560 1842 667 1867 divinae
688 1841 749 1868 ibid.
764 1856 797 1860 —
812 1843 860 1868 fuit
879 1846 959 1874 caput

318 1886 438 1911 omnium
459 1886 586 1911 iustorum
611 1886 644 1911 ab
664 1886 728 1912 Abel
748 1893 832 1919 usque
851 1887 885 1912 ad
904 1887 959 1912 ulti·

318 1937 391 1955 mum
406 1929 440 1955 ib.
461 1929 494 1955 42
507 1944 542 1948 -
555 1930 608 1955 fide
621 1930 667 1956 fuit
680 1930 804 1956 omnibus
820 1937 959 1962 praesens,

319 1981 386 2007 quos
405 1974 575 2006 corporaliter
599 1978 638 2000 est
656 1978 762 2000 secutus
785 1974 847 2001 ibid.
866 1988 902 1994 —
921 1978 960 2001 est

318 2018 448 2044 Ecclesiae
466 2022 559 2051 caput,
579 2026 593 2044 a
613 2026 665 2051 quo
679 2019 846 2051 spiritualiter
859 2020 916 2045 fluit
933 2020 959 2045 in

318 2062 438 2088 membra
457 2063 601 2094 spiritualis
617 2066 704 2089 motus
724 2067 749 2089 et
767 2070 860 2090 sensus
878 2065 929 2090 538
945 2065 954 2089 4

371 2120 407 2125 -—
426 2107 497 2132 venit
515 2107 550 2133 ad
569 2108 710 2133 Ecclesiam
733 2111 761 2134 ut
779 2108 812 2134 ad
832 2109 960 2141 templum

320 2158 398 2176 suum
418 2151 450 2176 Vl
470 2151 521 2177 548
542 2152 557 2176 2
577 2166 611 2170 -
625 2155 770 2184 congregat
788 2152 855 2178 filios
874 2153 919 2178 Dei
933 2153 961 2178 in

320 2196 432 2221 Ecclesia
460 2195 512 2221 567
537 2196 553 2221 6
577 2209 612 2215 -
630 2196 774 2228 desponsat
801 2196 851 2223 sibi
876 2198 962 2224 Eccle-

318 2240 384 2265 siam
397 2240 431 2265 de
450 2240 633 2272 peccatoribus
651 2241 786 2278 collectam
807 2242 848 2267 Vll
861 2242 912 2267 386
929 2243 960 2268 13

319 2298 354 2303 -
372 2287 451 2310 vocat
469 2284 502 2310 ad
529 2285 653 2310 unitatem
682 2286 882 2312 ecclesiasticam
908 2287 960 2312 389

321 2329 352 2353 49
379 2343 413 2346 —
439 2329 543 2355 Sanatio
562 2329 589 2354 in
608 2330 721 2355 Ecclesia
743 2337 796 2356 non
821 2331 849 2356 fit
867 2331 915 2356 nisi
935 2332 960 2356 in

319 2373 417 2398 unitate
436 2373 496 2399 fidei
516 2376 542 2399 et
560 2374 674 2399 caritatis
687 2374 720 2399 Vl
741 2375 792 2400 305
812 2375 845 2400 16
864 2389 898 2393 ——
918 2377 961 2401 ha-

319 2416 385 2442 bitat
403 2417 427 2442 in
448 2419 557 2443 fratrum
582 2418 722 2444 concordia
742 2422 768 2444 et
792 2419 819 2444 in
847 2420 959 2445 Ecclesia

320 2461 371 2486 537
391 2462 406 2486 6

373 2519 406 2523 -
427 2506 495 2531 011011
517 2506 552 2532 de
576 2507 687 2532 Ecclesia
713 2511 830 2533 ementes
855 2511 880 2534 et
899 2516 960 2534 ven-

319 2549 410 2575 dentes
430 2550 462 2575 Vl
476 2550 527 2576 274
549 2550 582 2576 25
595 2566 630 2569 —
643 2552 699 2576 Non
713 2555 875 2584 cognoscunt
886 2552 959 2578 Chri-

319 2596 388 2618 stum
408 2594 457 2619 nisi
477 2595 618 2626 participes
638 2596 756 2627 corporis
775 2597 903 2622 Ecclesiae
916 2597 958 2623 Vll

321 2638 371 2662 597
392 2638 425 2663 38
718 2646 720 2649 ·

373 2696 408 2701 -
428 2683 475 2708 Per
494 2683 551 2709 eius
572 2683 720 2715 ingressum
740 2684 766 2709 in
785 2685 894 2710 domum
913 2686 959 2711 Za-

320 2726 393 2751 chaei
417 2726 564 2758 intelligitur
591 2728 649 2753 eius
674 2728 808 2759 ingressus
826 2729 852 2754 in
876 2730 960 2755 Eccle-

320 2769 385 2794 siam
405 2770 522 2801 gentiurn
542 2771 585 2796 Vll
606 2770 657 2796 475
682 2772 714 2796 10
733 2786 769 2791 -
788 2772 898 2798 libenter
916 2780 960 2799 su-

320 2817 425 2845 sceptus
444 2817 482 2839 est
501 2813 535 2839 ab
555 2816 666 2840 Ecclesia
687 2816 804 2847 gentium
830 2820 855 2842 et
882 2817 910 2842 in
929 2823 960 2842 ea

320 2858 426 2890 mansit⁷
445 2865 583 2891 synagoga
596 2859 732 2885 deserente
751 2860 830 2886 ssdem
851 2860 912 2887 ibid.
925 2875 961 2880 --

320 2905 419 2934 septem
440 2903 526 2928 modis
550 2904 692 2935 suscipitur
717 2904 744 2929 in
764 2905 876 2930 Ecclesia
896 2912 960 2937 gen-

320 2946 384 2972 tium
408 2950 438 2972 ut
465 2947 492 2972 111
515 2948 596 2973 domo
624 2948 769 2980 septiformi
795 2949 846 2974 476
874 2950 900 2974 44
925 2963 961 2968 —

320 2991 396 3017 solvit
414 2991 524 3017 ludaeos
544 2995 569 3017 et
582 2993 692 3023 gentiles
711 2993 847 3019 venientes
867 2994 901 3019 ad
914 2994 961 3019 Ec-

320 3035 424 3060 clesiam
445 3036 496 3061 345
515 3036 549 3061 35
568 3050 603 3055 -
623 3044 670 3068 per
695 3037 807 3069 gratiam
832 3038 959 3064 virtutum

320 3082 344 3104 ct
363 3079 492 3105 donorum
513 3081 586 3106 ducit
606 3081 630 3106 in
651 3082 791 3107 Ecclesiam
811 3082 863 3107 272
883 3081 917 3107 64

371 3137 408 3143 -
436 3124 628 3151 Matrimonium
656 3125 750 3152 Christi
779 3129 804 3152 et
831 3127 960 3152 Ecclesiae

320 3166 399 3193 habet
417 3168 570 3194 convivium
595 3170 711 3201 nuptiale
736 3171 909 3197 eucharistiae
934 3171 959 3196 in

319 3210 485 3237 tabernaculo
505 3213 634 3239 Ecclesiae
653 3216 678 3239 01
691 3220 801 3240 coenam
821 3215 921 3246 gloriae
933 3215 959 3240 ln

320 3256 414 3287 palatio
434 3257 533 3288 gloriae
552 3257 585 3283 Vl
606 3257 657 3284 545
677 3258 692 3283 3
713 3272 748 3276 —
766 3258 877 3291 Nuptiae
889 3259 959 3285 Chri-

319 3300 350 3325 sti
369 3303 395 3326 et
414 3301 541 3326 Ecclesiae
568 3302 664 3327 faciunt
692 3308 772 3328 unum
803 3304 828 3329 in
847 3310 959 3336 corpore

319 3344 430 3375 mystico
450 3344 500 3370 546
522 3345 536 3369 8
556 3359 590 3364 —
611 3346 637 3371 ln
663 3346 706 3372 die
725 3347 824 3378 gratiae
852 3348 959 3379 nuptiae

319 3388 400 3414 factae
419 3392 480 3414 sunt
499 3389 564 3417 inter
582 3389 713 3417 Christum
733 3394 758 3416 et
777 3392 917 3418 Ecclesiam
933 3392 958 3417 in

319 3432 404 3458 carnis
417 3434 578 3459 assumtione
598 3434 648 3460 270
671 3435 710 3461 11.
730 3435 772 3460 1711
792 3436 843 3461 362
867 3436 900 3461 16
923 3450 958 3454 -—

1177 291 1291 324 INDEX
1317 290 1445 324 RERUM

990 381 1182 406 Matrimonium
1201 379 1296 406 Christi
1315 382 1341 405 et
1359 379 1489 404 Ecclesiae
1502 378 1631 404 initiatum

989 425 1037 450 fuit
1050 425 1075 450 in
1088 424 1182 450 Christi
1202 423 1377 456 promissione
1390 424 1462 448 facta‘
1473 422 1570 448 sanctis
1588 422 1633 446 Pa·

990 469 1081 501 tribus,
1094 469 1249 494 ratificatum
1263 469 1290 493 in
1303 467 1480 493 incarnatione
1499 466 1531 492 Vl
1544 466 1595 491 546
1615 466 1630 490 6

1043 528 1078 531 -
1097 516 1136 538 est
1148 518 1262 545 sponsus
1283 512 1423 542 Ecclesiae,
1436 511 1483 544 qui
1502 513 1589 542 potest
1601 517 1632 536 ex

990 564 1020 583 ea
1049 563 1175 589 generare
1203 563 1251 588 per
1279 556 1441 588 baptismum
1470 554 1502 580 Vl
1527 555 1579 580 287
1599 555 1632 580 52

989 614 1025 621 —-
1044 604 1083 626 est
1102 601 1143 626 vir
1162 600 1292 626 Ecclesiae
1312 601 1354 626 Vll
1373 600 1425 626 522
1450 600 1465 624 8
1484 613 1520 618 —-
1538 598 1633 625 Christi

992 651 1056 671 uxor
1075 648 1115 671 est
1133 645 1247 670 Ecclesia
1266 644 1317 670 543
1338 644 1371 670 37
1386 657 1419 663 ——-
1434 643 1572 669 fabricavit
1590 644 1634 669 Ec-

991 690 1096 715 clesiam
1117 692 1145 714 ut
1164 689 1218 715 Noe
1236 695 1325 715 arcam
1345 688 1396 714 440
1417 687 1450 714 46

1028 734 1060 759 18
1079 746 1115 753 -
1134 733 1155 758 Α
1168 732 1270 759 Christo
1284 733 1309 758 in
1322 739 1415 758 omnes
1433 732 1565 758 redundat
1578 738 1634 764 gra·

992 778 1024 803 tia
1047 778 1088 803 Vll
1109 778 1142 802 89
1163 778 1178 802 2
1196 792 1232 795 -
1250 778 1322 803 solus
1345 777 1445 803 confert
1464 777 1575 809 gratiam
1601 776 1634 801 Vl

992 822 1043 847 254
1062 822 1097 847 37
1117 836 1150 840 -—
1169 825 1208 847 est
1227 822 1386 854 principium
1403 821 1490 847 omnis
1509 821 1572 846 boni
1593 821 1634 846 Vll

993 866 1044 892 495
1064 867 1097 891 22
1111 879 1144 884 ——
1159 866 1300 898 requiescit
1312 872 1393 897 super
1411 866 1508 891 fluenta
1522 865 1634 897 gratiae,

992 913 1021 936 ut
1038 910 1154 936 emundat
1172 909 1198 935 in
1217 916 1246 936 se
1265 909 1434 938 credentibus
1448 909 1479 935 Vl
1499 909 1551 935 290
1565 910 1580 934 8
1601 922 1635 928 -

992 955 1030 980 De
1054 954 1218 986 plenitudine
1245 953 1339 980 Christi
1368 952 1501 986 accipiunt
1528 960 1636 985 omnes,

991 999 1038 1032 qui
1063 999 1163 1032 aliquid
1187 999 1318 1031 accipiunt
1343 998 1394 1024 539
1424 999 1440 1023 8
1460 1012 1495 1017 -
1514 997 1637 1030 dispone·

993 1042 1037 1068 bat
1056 1042 1089 1069 ad
1109 1043 1221 1075 gratiam
1241 1049 1288 1068 sua
1309 1042 1455 1074 praesentia
1476 1041 1527 1068 460
1548 1042 1581 1067 24
1600 1056 1635 1060 ———

991 1087 1110 1119 respicit,
1129 1094 1190 1113 cum
1211 1087 1322 1112 infundit
1340 1087 1452 1119 gratiam
1472 1085 1524 1112 614
1543 1087 1559 1112 6

1046 1144 1080 1150 -
1099 1138 1146 1157 sua
1169 1132 1266 1157 virtute
1290 1131 1472 1157 remissionem
1493 1131 1553 1156 facit
1578 1137 1636 1163 pec-

992 1178 1112 1202 catorum
1131 1176 1174 1202 Vll
1195 1176 1246 1201 488
1267 1176 1300 1201 82
1324 1189 1356 1194 -
1375 1178 1449 1201 curat
1467 1176 1557 1201 omnia
1576 1182 1638 1207 pec-

992 1223 1050 1247 cata
1070 1227 1118 1252 per
1143 1220 1255 1252 gratiam
1275 1227 1351 1246 suam
1379 1220 1430 1245 477
1460 1220 1493 1245 46
1512 1235 1547 1238 -
1573 1220 1637 1246 101111

992 1268 1100 1297 peccata
1126 1265 1221 1291 mundi
1243 1265 1341 1290 virtute
1360 1264 1507 1291 Divinitatis
1526 1265 1560 1290 Vl
1586 1265 1637 1290 260

993 1309 1026 1334 62
1046 1324 1080 1328 -
1100 1312 1139 1335 051
1157 1316 1237 1335 verus
1256 1309 1340 1340 Deus,
1359 1309 1406 1342 qui
1424 1312 1512 1341 potest
1531 1311 1637 1341 peccata

992 1354 1123 1380 dimittere
1143 1353 1210 1379 sient
1231 1356 1257 1379 et
1277 1360 1372 1379 curare
1389 1353 1509 1379 infirmos
1528 1353 1571 1379 Vll
1587 1354 1636 1378 126

993 1398 1022 1424 51
1031 1418 1038 1431 ‚
1050 1398 1084 1423 52
1097 1412 1132 1417 -
1145 1398 1240 1424 Christi
1253 1398 1368 1424 hominis
1381 1401 1420 1424 est
1433 1398 1565 1424 dimittere
1578 1405 1639 1430 pec-

993 1445 1081 1468 catum
1097 1443 1229 1468 meritorie
1242 1443 1275 1468 Vl
1296 1442 1347 1469 544
1364 1442 1396 1468 49
1416 1456 1452 1462 -
1465 1444 1545 1469 homo
1559 1442 1639 1468 habet

993 1490 1148 1519 potestatem
1168 1487 1334 1513 excellentiae
1354 1490 1379 1512 et
1398 1486 1575 1513 universalem
1600 1494 1639 1512 re-

993 1531 1114 1557 mittendi
1133 1538 1249 1564 poenam
1270 1531 1321 1557 514
1343 1531 1375 1557 49
1389 1534 1521 1557 -totum
1536 1534 1640 1564 poterat

994 1576 1157 1607 condonare,
1177 1576 1243 1609 quin
1262 1576 1409 1608 imponeret
1437 1576 1639 1602 satisfactionem

994 1620 1044 1645 357
1066 1620 1099 1645 16
1119 1619 1148 1646 2·

1048 1678 1084 1683 -
1102 1665 1181 1690 solvit
1193 1666 1299 1697 culpam
1314 1665 1458 1691 ministerio
1472 1666 1639 1691 sacerdotum

995 1709 1039 1734 Vll
1058 1708 1110 1734 345
1129 1709 1163 1734 32
1177 1723 1212 1728 —
1231 1709 1304 1735 dedit
1323 1709 1504 1735 sacerdotibus
1523 1710 1639 1735 officium

995 1753 1116 1779 solvendi
1140 1756 1292 1785 peccatores
1321 1753 1354 1779 Vl
1380 1753 1431 1779 406
1456 1754 1489 1779 63
1515 1768 1549 1772 -
1569 1754 1640 1780 501115

996 1800 1082 1829 potest
1100 1798 1237 1823 restituere
1256 1797 1380 1823 iustitiam
1401 1798 1444 1823 Vll
1464 1798 1515 1823 399
1535 1798 1568 1824 46

1048 1855 1084 1860 -
1109 1841 1191 1867 abluit
1215 1843 1315 1873 peccati
1340 1842 1489 1873 maculam,
1521 1843 1585 1868 tollit
1615 1845 1641 1868 et

996 1888 1083 1917 portat
1092 1888 1203 1918 reatum,
1214 1886 1320 1912 dimittit
1333 1887 1459 1912 offensam
1471 1887 1504 1912 Vl
1516 1887 1567 1912 543
1580 1887 1594 1912 4
1605 1901 1640 1906 -

996 1930 1057 1956 facit
1076 1930 1259 1962 peccatoribus
1277 1931 1459 1957 remissionem
1480 1931 1506 1957 in
1525 1932 1578 1957 vita
1597 1932 1639 1957 Vll

997 1974 1039 2000 98·
1051 1974 1079 2000 44
1098 1989 1132 1993 -
1145 1975 1214 2001 eiicit
1232 1975 1377 2001 daemones
1394 1982 1442 2008 per
1460 1976 1640 2008 expulsionem

997 2019 1090 2051 culpae
1108 2022 1134 2045 et
1147 2022 1221 2045 sanat
1234 2019 1398 2045 infirmitates
1410 2027 1459 2052 per
1477 2020 1640 2046 curat-ionem

997 2064 1120 2096 sequelae
1142 2063 1191 2089 147
1212 2064 1245 2089 48
1264 2077 1300 2083 —-
1319 2067 1406 2096 potest
1425 2064 1536 2090 liberare
1556 2072 1571 2090 a
1589 2072 1641 2091 ser·

997 2107 1080 2134 vitute
1099 2108 1200 2140 peccati
1214 2108 1248 2134 Vl
1268 2109 1319 2135 364
1334 2108 1366 2134 49
1380 2109 1522 2135 —liberat
1541 2116 1556 2135 a
1570 2110 1640 2135 malo

998 2153 1092 2184 culpae
1110 2153 1218 2179 actualis
1230 2155 1256 2179 et
1268 2153 1415 2186 originalis,
1434 2161 1449 2179 a
1466 2154 1590 2180 caecitate
1603 2161 1642 2180 ra-

997 2197 1076 2223 tionis
1099 2200 1125 2223 et
1150 2197 1299 2234 infirmitate
1324 2198 1465 2224 voluntatis
1490 2199 1534 2225 Vll
1553 2199 1586 2225 98
1607 2199 1640 2225 38

999 2255 1033 2259 -
1052 2241 1173 2268 adhibuit
1200 2242 1424 2268 medicamentum
1452 2250 1501 2275 per
1529 2244 1641 2276 gratiam

999 2285 1228 2312 sacramentorum
1248 2287 1294 2312 271
1320 2286 1354 2312 64

1051 2345 1086 2348 -
1104 2331 1183 2356 Filius
1201 2334 1240 2356 est
1258 2329 1306 2357 lux
1325 2334 1351 2356 et
1363 2331 1488 2363 splendor
1501 2332 1544 2358 Vll
1560 2333 1592 2358 83
1607 2333 1641 2358 52

997 2388 1032 2392 -
1051 2375 1098 2400 Dei
1111 2375 1239 2406 sapientia
1252 2375 1315 2401 dicit
1328 2382 1357 2401 se
1370 2376 1455 2401 lucem
1470 2376 1502 2402 Vl
1518 2377 1552 2402 25
1566 2384 1592 2402 ν.
1607 2377 1640 2402 13

997 2432 1033 2437 -
1051 2421 1090 2444 est
1109 2418 1151 2444 lux
1170 2426 1234 2444 vera
1253 2419 1297 2444 Vll
1317 2420 1363 2445 564
1389 2420 1422 2445 66
1442 2434 1476 2439 ——
1496 2423 1535 2446 est
1553 2421 1596 2446 lux
1610 2421 1640 2446 il-

996 2463 1129 2489 luminans
1146 2463 1287 2489 Ecclesiam
1302 2464 1335 2489 Vl
1353 2464 1400 2489 139
1420 2471 1445 2490 v.
1465 2464 1480 2490 6
1500 2479 1536 2483 -
1554 2457 1641 2497 singu-

996 2507 1084 2533 lariter
1102 2507 1171 2533 lucet
1189 2511 1217 2533 ut
1235 2508 1273 2533 sol
1293 2508 1385 2534 mundi
1404 2507 1466 2534 ibid.
1485 2523 1521 2527 —
1540 2512 1579 2535 est
1598 2510 1640 2536 lux

996 2558 1059 2577 vera
1071 2551 1258 2577 illuminatione
1271 2552 1428 2584 cognitionis
1440 2553 1565 2579 naturalis
1578 2552 1640 2579 ibid.

996 2609 1031 2615 —
1044 2599 1083 2622 est
1096 2596 1138 2622 lux
1157 2603 1205 2628 per
1219 2597 1356 2622 essentiam
1371 2596 1423 2622 252
1437 2596 1471 2622 24
1485 2611 1519 2616 —-
1537 2600 1575 2623 est
1597 2598 1639 2624 lux

996 2640 1143 2666 secundum
1171 2641 1245 2674 quod
1273 2641 1344 2666 Deus
1362 2641 1414 2666 536
1434 2640 1449 2666 4
1469 2654 1505 2660 —
1529 2644 1569 2667 est
1597 2642 1639 2668 lux

996 2688 1125 2717 quantum
1145 2685 1179 2710 ad
1198 2688 1318 2710 naturam
1338 2685 1494 2716 Divinitafis,
1507 2686 1640 2712 illustrans

996 2729 1115 2761 interius,
1129 2732 1154 2754 et
1166 2732 1294 2762 quantum
1309 2730 1342 2755 ad
1355 2732 1476 2755 naturam
1496 2730 1639 2756 humanita-

998 2773 1037 2803 tis,
1058 2773 1203 2798 informans
1215 2773 1328 2799 exterius
1342 2774 1422 2799 vitam
1437 2775 1489 2800 535
1504 2775 1528 2800 4.
1548 2775 1600 2800 536
1620 2774 1643 2800 3-

1050 2831 1086 2835 -
1105 2820 1144 2842 051
1162 2818 1204 2843 lux
1225 2817 1317 2843 mundi
1337 2817 1369 2843 Vl
1396 2818 1446 2843 252
1467 2818 1509 2843 24.
1531 2819 1582 2844 398
1603 2819 1636 2844 18

997 2875 1032 2880 -
1051 2863 1091 2887 est
1109 2862 1151 2887 lux
1170 2868 1234 2887 vera
1253 2862 1343 2887 lucens
1362 2862 1389 2887 in
1412 2861 1528 2888 tenebris
1548 2863 1638 2888 mundi

998 2905 1050 2931 535
1071 2906 1080 2930 4
1104 2920 1140 2924 —-
1157 2908 1197 2931 est
1215 2906 1257 2931 lux
1277 2906 1414 2931 hominum
1428 2913 1476 2938 per
1495 2907 1640 2933 instructio-

997 2956 1058 2975 nem
1077 2950 1128 2975 358
1149 2950 1181 2975 18
1201 2964 1236 2968 —-
1255 2953 1295 2975 est
1313 2950 1355 2975 lux
1373 2951 1493 2976 revelans
1516 2951 1639 2982 gentibus

998 2994 1108 3026 gloriam
1128 2994 1174 3020 Dci
1195 2994 1237 3020 Vll
1257 2995 1290 3019 60
1314 2995 1344 3019 71
1376 3009 1409 3013 -
1428 2998 1467 3021 051
1486 2995 1528 3021 lux
1547 2996 1640 3022 illumi-

997 3045 1063 3064 nans
1083 3039 1128 3064 301
1153 3039 1187 3064 75
1207 3052 1242 3058 ——
1263 3039 1330 3064 Deus
1344 3039 1369 3064 in
1382 3046 1460 3065 carne
1473 3041 1587 3066 humana
1601 3043 1640 3066 est

997 3084 1101 3109 lucerna
1115 3090 1224 3109 accensa
1244 3083 1269 3109 in
1287 3083 1463 3109 incarnatione
1481 3082 1531 3109 388
1553 3084 1586 3109 17
1604 3099 1638 3103 -

997 3130 1036 3153 051
1056 3128 1098 3153 lux
1131 3135 1208 3153 carne
1236 3127 1393 3154 obumbrata
1414 3128 1448 3153 vt
1467 3128 1519 3153 358
1547 3129 1579 3153 18
1604 3143 1640 3148 -

996 3174 1036 3197 est
1054 3172 1096 3198 lux
1117 3172 1207 3198 mundi
1228 3179 1312 3205 usque
1332 3172 1365 3197 ad
1386 3172 1456 3198 diem
1475 3172 1563 3198 iudicii
1586 3172 1637 3198 400

997 3216 1031 3241 30
1050 3216 1088 3235 --'
1104 3219 1143 3242 est
1161 3216 1203 3242 lux
1217 3216 1366 3242 illuminans
1384 3216 1505 3242 sedentes
1525 3217 1551 3242 in
1570 3220 1637 3243 tene-

997 3259 1052 3285 bris
1072 3260 1115 3286 Vll
1136 3260 1168 3286 49
1189 3261 1230 3286 21.
1252 3260 1302 3285 388
1325 3260 1357 3285 17

1051 3318 1085 3323 --
1103 3304 1250 3330 secundum
1269 3304 1343 3337 quod
1362 3305 1433 3330 Deus
1452 3306 1491 3331 est
1509 3305 1551 3331 lux
1571 3305 1639 3331 altis-

996 3348 1062 3374 sima
1082 3351 1212 3381 quantum
1225 3348 1259 3374 ad
1273 3349 1431 3381 potentiam,
1445 3349 1642 3381 speciosissima>

996 3395 1124 3425 quantum
1145 3393 1179 3418 ad
1197 3393 1367 3425 sapientiam,
1387 3393 1527 3425 purissima
1556 3400 1639 3426 quan-

996 3439 1052 3462 tum
1072 3437 1111 3463 ad.
1125 3436 1269 3463 bonitatem
1288 3437 1321 3463 Vl
1341 3437 1392 3462 536
1412 3437 1428 3462 4
1441 3450 1477 3457 -
1490 3438 1636 3464 secundum

1919 331 1983 357 CHR
2003 332 2060 364 (18)

1668 376 1741 409 quod
1761 377 1831 401 Deus
1850 377 1919 402 lucet
1931 376 2040 401 interius
2058 375 2204 401 secundum
2218 376 2308 401 lumen

1668 420 1799 451 scientiae,
1813 420 1913 452 gratiae
1925 424 1951 446 et
1964 420 2075 445 laetitiae
2087 420 2228 451 spiritualis
2242 419 2276 446 ib.
2293 420 2309 445 5

1669 477 1705 484 -·
1718 465 1865 490 secundum
1885 464 1959 497 quod
1978 465 2058 489 homo
2077 467 2117 489 est
2135 465 2176 489 lux
2196 470 2312 496 arguens

1669 509 1767 541 malos,
1796 508 1913 540 dirigens
1941 508 2037 539 iustos,
2066 508 2199 534 delectans
2218 508 2311 534 Beatos

1670 553 1722 578 535
1742 554 1756 578 2
1775 566 1811 571 -
1831 552 1977 578 secundum
2002 552 2075 585 quod
2094 553 2174 578 homo
2199 554 2238 578 est
2256 553 2308 585 lux,

1669 603 1749 629 quam
1770 595 1900 622 debemus
1918 596 1995 629 sequi
2013 595 2075 622 ibid.
2088 609 2123 615 —
2137 599 2165 621 ut
2183 597 2263 622 homo
2276 597 2313 622 lu-

1670 643 1712 666 cet
1730 640 1843 666 exterius
1861 640 1887 665 in
1907 639 1990 672 signis
2017 643 2146 672 quantum
2165 640 2199 665 ad
2224 643 2313 672 poten-

1671 685 1748 717 tiam,
1768 685 1794 710 in
1813 683 1903 710 verbis
1921 687 2050 718 quantum
2080 684 2114 710 ad
2141 684 2312 717 sapientiam,

1671 729 1797 761 exemplis
1810 729 1835 754 in
1849 729 2048 754 conversatione
2060 731 2086 754 et
2098 729 2220 761 passione
2233 735 2313 762 quan-

1671 776 1727 799 tum
1747 774 1780 799 ad
1801 773 1944 799 bonitatem
1958 772 1993 799 ib.
2013 774 2028 798 3

1724 831 1760 837 —
1785 818 1896 849 Sapiens
1920 817 2040 850 sequitur
2066 817 2198 843 Christum
2227 818 2314 843 lucem

1672 862 1706 887 Vl
1726 861 1759 887 52
1779 869 1805 887 v.
1826 862 1841 887 8
1860 875 1894 881 —
1914 862 2043 887 illuminat
2069 868 2098 887 se
2124 862 2257 893 erigentes
2280 862 2315 887 ad

1672 906 1817 932 videndum
1838 906 1881 931 Vll
1902 907 1952 932 128
1972 906 2006 931 62
2028 919 2060 924 ·—
2074 907 2246 932 llluminando
2259 913 2314 932 cor-

1672 950 1795 983 poraliter
1814 950 1957 983 significat,
1977 957 2006 976 se
2030 951 2179 976 illuminare
2196 951 2315 983 spiritua-

1674 995 1731 1020 liter
1751 995 1784 1020 Vl
1804 994 1855 1020 372
1878 995 1887 1019 1

1726 1052 1763 1058 -
1781 1042 1820 1064 051
1838 1037 1877 1064 sol
1904 1042 2040 1065 revertens
2059 1039 2094 1065 ad
2121 1040 2208 1065 locum
2236 1046 2314 1065 suum

1673 1083 1700 1108 in
1720 1083 1874 1109 ascensione
1893 1083 1926 1109 Vl
1948 1084 1980 1108 13
2000 1083 2018 1109 1)
2036 1096 2073 1102 -
2091 1086 2130 1109 051
2154 1085 2193 1109 501
2219 1090 2317 1116 gyrans

1674 1127 1699 1152 in
1720 1127 1844 1159 meridie,
1864 1127 1891 1153 id
1910 1130 1950 1153 est
1978 1128 2003 1153 in
2028 1128 2140 1153 ferventi
2160 1128 2316 1154 Sanctorum

1674 1171 1814 1197 dilectione
1823 1170 1886 1198 ibid.
1896 1184 1932 1191 -
1942 1172 1980 1197 sol
1990 1172 2103 1198 nectitur
2116 1172 2149 1198 ad
2163 1173 2315 1205 aquilonem

1675 1216 1702 1241 in
1721 1216 1818 1242 iudicio
1837 1215 1898 1242 ibid.
1918 1229 1954 1236 —
1972 1220 2011 1242 est
2030 1217 2068 1242 sol
2087 1220 2161 1243 ortus
2175 1217 2201 1243 in
2219 1217 2314 1243 nativi-

1675 1263 1727 1286 tate
1744 1260 1779 1286 ad
1799 1260 2003 1287 illuminandum
2016 1260 2052 1287 ib.
2067 1268 2094 1287 v·
2110 1261 2125 1287 7
2145 1275 2181 1281 -—
2200 1262 2318 1288 incarna-

1675 1307 1716 1330 tus
1735 1308 1775 1330 est
1793 1305 1832 1330 sol
1859 1305 1948 1331 oriens
1971 1305 2015 1331 Vll
2037 1305 2069 1331 42
2099 1306 2155 1332 138.
2176 1306 2209 1332 49
2229 1306 2263 1332 24
2283 1320 2317 1325 —

1675 1351 1714 1374 est
1732 1349 1770 1374 sol
1789 1356 1935 1381 supernus,
1955 1350 2000 1382 qui
2021 1350 2150 1376 illuminat
2169 1353 2260 1382 gentes
2277 1357 2318 1376 er·

1674 1396 1761 1419 rantes
1781 1393 1813 1419 42
1834 1394 1885 1419 139
1904 1408 1940 1413 -
1959 1397 1998 1420 051
2016 1395 2055 1420 sol
2085 1395 2214 1430 circuiens
2234 1394 2318 1421 tribus

1675 1437 1770 1463 diebus
1789 1438 1986 1470 incarnationis,
2001 1439 2139 1471 passionis,
2153 1439 2319 1466 resurrectio-

1674 1482 1716 1508 nis
1735 1482 1787 1508 253
1807 1484 1822 1508 2
1842 1497 1878 1500 -
1897 1486 1936 1509 051
1954 1483 2006 1516 sol,
2025 1484 2071 1516 qui
2085 1483 2211 1510 occubuit
2223 1485 2249 1510 in
2261 1491 2318 1516 pas-

1675 1527 1749 1552 sione
1769 1527 1819 1552 109
1840 1528 1873 1552 88
1893 1541 1928 1546 -
1947 1530 1986 1553 est
2004 1528 2043 1553 sol
2068 1528 2191 1555 occidens
2215 1528 2242 1554 in
2261 1536 2319 1561 pas-

1676 1572 1751 1597 sione
1770 1572 1797 1597 in
1815 1572 1965 1598 vehementi
1985 1579 2077 1598 amore
2095 1573 2209 1599 caritatis
2227 1574 2263 1600 ad
2280 1581 2319 1600 re·

1676 1616 1832 1642 dimendum
1852 1616 1886 1642 Vl
1906 1617 1938 1642 13
1959 1623 1985 1642 v.
2004 1616 2021 1642 7

1731 1674 1764 1679 --
1783 1663 1824 1686 est
1841 1661 1880 1686 sol
1899 1661 1989 1687 lucens
2009 1668 2090 1694 super
2115 1665 2211 1688 terram
2238 1665 2264 1688 et
2282 1664 2319 1689 fa-

1676 1705 1749 1731 ciens
1768 1705 1838 1731 diem
1859 1706 1891 1731 Vl
1911 1706 1958 1731 301
1984 1707 2018 1731 82
2037 1719 2073 1725 -
2091 1709 2131 1732 051
2149 1707 2187 1732 501
2208 1707 2320 1733 iustitiae

1677 1749 1711 1774 93
1731 1756 1756 1775 v.
1777 1750 1792 1774 2
1812 1762 1847 1768 -
1866 1750 1905 1775 501
1926 1750 2110 1782 intelligentiae
2128 1751 2238 1782 dicitur,
2257 1752 2319 1784 quia

1677 1794 1733 1819 solo
1752 1794 1827 1820 oculo
1848 1794 2032 1826 intelligentiae
2044 1795 2086 1820 lux
2100 1795 2158 1821 eius
2170 1797 2320 1828 apprehen-

1677 1838 1761 1869 ditur,
1781 1839 1843 1872 quia
1863 1846 1911 1871 per
1929 1840 1986 1865 eius
2015 1840 2136 1872 radium,
2155 1840 2253 1865 scilicet
2271 1846 2319 1872 per

1677 1883 1798 1914 spiritum
1817 1883 1975 1914 intellectus,
1994 1884 2164 1916 intelligentia
2176 1896 2179 1898 >
2193 1884 2320 1910 illumina·

1677 1929 1719 1952 tur
1739 1927 1790 1953 439
1810 1935 1837 1953 v.
1859 1929 1875 1953 5
1893 1940 1929 1947 --
1954 1931 1993 1954 est
2017 1928 2074 1954 dies
2092 1931 2119 1954 et
2143 1929 2185 1954 lux
2207 1929 2248 1954 1711
2268 1928 2314 1954 141

1678 1972 1710 1996 28
1724 1985 1760 1991 -
1772 1972 1921 1998 Praesentia
1940 1972 2034 1999 Christi
2054 1973 2081 1998 in
2095 1973 2196 1999 mundo
2210 1976 2249 1999 est
2262 1973 2320 1999 dies

1678 2016 1711 2041 Vl
1731 2016 1781 2042 373
1803 2017 1819 2042 5
1839 2030 1873 2035 —-
1892 2017 2038 2043 Duodecim
2052 2020 2134 2043 status
2147 2017 2242 2044 Christi
2256 2018 2319 2044 duo-

1677 2060 1764 2086 decim
1783 2061 1864 2086 horae
1883 2061 1935 2087 diei
1956 2061 2006 2087 400
2027 2062 2060 2088 30
2094 2096 2097 2098 ‚

1731 2118 1767 2125 -—
1786 2108 1825 2131 est
1843 2112 1907 2131 vera
1925 2105 1985 2132 vita
2005 2106 2038 2132 Vl
2059 2106 2110 2132 333
2131 2106 2164 2132 87
2183 2120 2220 2126 —
2232 2109 2272 2133 est
2283 2107 2320 2132 vi-

1678 2157 1729 2176 vus
1747 2157 1796 2182 per
1814 2151 1954 2176 essentiam
1982 2153 2008 2176 et
2035 2150 2115 2176 habet
2133 2151 2215 2177 vitam
2235 2151 2262 2177 in
2281 2158 2321 2177 se-

1678 2195 1792 2227 metipso
1812 2195 1864 2220 330
1884 2195 1919 2221 75
1938 2209 1973 2214 —
1998 2198 2037 2221 est
2061 2196 2129 2227 vita,
2149 2203 2230 2229 quem
2248 2197 2321 2222 dese-

1678 2246 1739 2265 rens
1756 2240 1882 2272 moritur,
1902 2239 1936 2266 ad
1955 2246 2036 2272 quem
2056 2240 2162 2267 rediens
2180 2241 2320 2267 suscitatur

1680 2284 1723 2310 Vll
1743 2284 1794 2309 402
1814 2285 1848 2310 52
1869 2298 1902 2302 -
1922 2283 2001 2310 habet
2025 2285 2106 2311 vitam
2132 2286 2158 2311 in
2177 2286 2320 2318 semetipso

1679 2335 1692 2353 a
1713 2329 1788 2354 Patre
1808 2329 1835 2353 in
1853 2328 1912 2361 ipso
1932 2331 2053 2355 manente
2072 2330 2105 2356 Vl
2120 2330 2170 2356 333
2192 2330 2225 2355 87
2239 2344 2272 2350 -
2290 2333 2319 2356 ut

1679 2374 1759 2398 homo
1778 2373 1866 2403 vadit,
1894 2377 1923 2398 ut
1947 2374 2017 2399 Deus
2042 2378 2081 2400 est
2108 2375 2236 2401 terminus
2261 2375 2320 2401 viae

1678 2420 1704 2443 et
1722 2417 1786 2448 vita,
1804 2420 1833 2443 ut
1851 2418 1980 2444 mediator
1998 2421 2038 2444 est
2050 2419 2093 2444 via
2108 2419 2159 2444 439
2180 2419 2213 2445 17
2232 2433 2269 2439 -
2281 2422 2321 2445 est

1678 2462 1740 2493 vita,
1759 2461 1802 2487 via
1821 2464 1847 2488 et
1865 2462 1962 2488 veritas
1982 2463 2033 2488 613
2054 2464 2078 2488 1.
2097 2464 2140 2490 Vll
2162 2463 2212 2489 402
2232 2465 2266 2490 52
2284 2477 2320 2483 -

1678 2510 1717 2532 est
1734 2509 1809 2538 pater
1828 2507 1898 2533 vitae
1916 2507 2058 2539 spiritualis
2077 2508 2111 2534 Vl
2132 2509 2182 2534 439
2203 2516 2228 2535 v.
2249 2509 2265 2535 6

1731 2564 1767 2570 —-
1784 2554 1824 2577 est
1841 2550 1943 2578 veritas
1961 2555 1987 2578 et
2007 2552 2058 2578 vita
2085 2555 2113 2578 ut
2137 2553 2265 2579 terminus
2282 2553 2320 2578 in-

1678 2595 1794 2621 tellectus
1812 2598 1838 2621 et
1855 2597 1963 2622 affectus
1988 2596 2022 2622 Vl
2042 2596 2093 2623 437
2112 2597 2129 2622 7
2153 2612 2188 2616 -
2213 2600 2253 2623 est
2277 2604 2320 2622 ve-

1676 2640 1739 2665 ritas
1758 2639 1809 2665 488
1829 2640 1872 2665 66.
1901 2641 1943 2666 1711
1973 2641 2024 2667 265
2050 2641 2083 2667 40
2102 2655 2138 2661 -
2156 2646 2196 2668 051
2223 2642 2321 2668 veritas

1677 2684 1823 2710 certificans
1846 2684 1894 2711 173
1909 2685 1942 2711 36
1957 2698 1992 2705 —-
2006 2686 2033 2711 ln
2045 2685 2147 2712 Christo
2166 2689 2206 2712 est
2224 2686 2320 2713 veritas

1676 2729 1760 2761 vitae,
1779 2729 1892 2755 iustitiae
1910 2732 1936 2755 et
1954 2730 2090 2756 doctrinae
2103 2732 2146 2757 Vll
2166 2731 2218 2757 510
2238 2731 2272 2757 27
2284 2743 2320 2750 —-

1677 2775 1715 2798 est
1735 2774 1846 2805 veritas,
1869 2780 1929 2800 cum
1949 2781 2003 2808 quo
2025 2778 2156 2801 venerunt
2176 2778 2202 2801 et
2225 2782 2240 2800 a
2266 2781 2319 2808 quo

1677 2817 1750 2843 missi
1769 2821 1830 2843 sunt
1846 2818 2009 2852 quicumque
2027 2817 2164 2845 veritatem
2184 2819 2320 2852 praedica-

1677 2865 1772 2887 verunt
1791 2862 1824 2888 171
1843 2863 1894 2888 386
1919 2863 1949 2888 14

1730 2920 1765 2926 -
1784 2907 1913 2933 veraciter
1939 2908 2067 2939 promittit
2095 2909 2138 2934 Vll
2160 2908 2210 2934 284
2231 2908 2265 2934 25
2283 2922 2318 2927 ·—-

1676 2949 1726 2976 Ubi
1745 2950 1864 2977 Christus
1882 2952 2010 2983 promittit
2023 2953 2198 2984 stipendium,
2213 2960 2266 2978 non
2279 2955 2318 2978 est

1677 2995 1824 3027 periculum
1843 2995 1895 3022 522
1909 2996 1924 3021 6
1940 3010 1974 3015 -
1987 2996 2081 3023 Christi
2096 2997 2236 3029 promissio
2249 2999 2319 3023 certa

1678 3039 1729 3065 343
1750 3039 1784 3065 25
1803 3054 1838 3058 -
1858 3043 1897 3066 051
1916 3041 1972 3073 ipsa
1993 3041 2089 3067 iustitia
2109 3042 2160 3067 299
2184 3041 2218 3066 67
2236 3054 2271 3060 -
2290 3044 2319 3067 ut

1677 3084 1774 3110 veritas
1792 3091 1845 3110 non
1865 3088 1951 3117 potest
1964 3092 2063 3117 negare
2082 3092 2111 3111 se
2130 3092 2178 3111 nec
2197 3085 2318 3111 confiten-

1677 3130 1730 3153 tem
1748 3135 1778 3154 se
1802 3135 1852 3154 nec
1871 3129 1990 3155 confiteri
2010 3129 2165 3156 mendacem
2193 3136 2241 3155 nec
2259 3136 2319 3155 con-

1677 3175 1715 3198 tra
1735 3179 1764 3198 se
1783 3172 1835 3198 314
1857 3173 1890 3198 14

1728 3230 1765 3236 ——
1783 3220 1822 3243 est
1840 3216 1886 3243 via.
1905 3218 2005 3244 ducens
2023 3218 2058 3244 ad
2072 3218 2173 3244 Patrem
2189 3217 2222 3244 Vl
2237 3217 2288 3243 437
2301 3216 2318 3242 7

1675 3274 1711 3280 —
1729 3264 1769 3287 est
1787 3262 1829 3287 via
1849 3262 1883 3288 ad
1902 3262 2014 3294 Patrem,
2034 3262 2144 3294 veritas,
2158 3268 2227 3296 quae
2241 3262 2318 3288 docet

1675 3306 1761 3336 viam,
1780 3309 1805 3331 et
1823 3306 1894 3337 vita,
1913 3313 2072 3332 conservans
2100 3306 2181 3332 vitam
2210 3306 2261 3332 386
2283 3306 2316 3331 13

1675 3363 1710 3369 -
1729 3353 1768 3375 est
1785 3350 1829 3376 via
1848 3351 1957 3383 ducens,
1975 3351 2072 3376 veritas
2091 3351 2189 3383 lucens,
2205 3350 2256 3376 vita
2274 3356 2318 3382 pa-

1675 3401 1751 3420 scens
1771 3394 1822 3420 437
1842 3394 1858 3419 7
1877 3408 1913 3414 —
1937 3398 1976 3421 est
1999 3395 2042 3420 via
2066 3394 2203 3426 exemplo,
2221 3394 2319 3420 veritas

1675 3438 1701 3463 in
1720 3438 1861 3471 promisso,
1886 3438 1939 3464 vita
1964 3439 1991 3464 in
2019 3438 2139 3470 praemio
2168 3437 2221 3463 217
2246 3445 2272 3463 v.
2294 3438 2317 3463 4.
