2476 3921
133 729 245 751 Conclusio
257 734 282 749 ex

157 756 263 783 parabola.

155 1683 275 1704 Divisiones

146 1709 276 1736 praeceden-

299 265 362 297 288

298 352 412 384 dicitur
428 350 555 382 Genesis
578 348 817 390 quadragesimo
833 348 978 389 septimo,
1002 347 1095 380 «dies
1118 346 1258 389 peregri—

298 405 431 438 nationis
449 404 528 436 vitae
545 411 632 435 meae
648 402 738 443 pauci
757 405 787 434 et
802 401 875 433 mali
893 405 967 434 sunt
983 413 1014 439 »3
1031 401 1123 443 quia,
1145 409 1257 433 secun-

297 458 372 490 dum
389 456 472 498 qnod
496 456 611 488 dicitur
636 455 755 496 primae
780 454 901 487 loannis
925 454 1042 496 primo,
1065 467 1080 483 «
1097 454 1121 486 si
1138 453 1257 486 dixeri-

297 519 387 547 mus,
404 508 477 550 quia
495 512 655 550 peccatum
673 517 734 539 non
752 507 923 546 habemus,
948 506 1112 539 mendaces
1128 514 1257 544 sumus,

297 567 327 595 et
340 562 455 594 veritas
472 562 502 593 in
515 561 604 593 nobis
621 570 682 593 non
699 564 746 593 est
761 574 792 592 n.
810 560 912 592 Minus
928 569 1003 601 ergo
1021 559 1155 598 videtur,
1172 559 1257 601 quod

296 625 314 647 a
338 615 420 647 malo
444 614 579 653 bonum,
605 623 700 655 quam
723 623 742 645 a
766 613 847 646 bono
863 613 991 645 bonum.

386 667 437 700 35.
465 667 500 699 Et
523 667 592 699 ideo
616 666 792 699 concludit:
812 667 943 707 Quanto
958 665 1070 708 magis
1086 665 1190 697 Pater
1205 675 1257 697 ve-

297 725 363 752 ster
387 720 425 752 cle
448 719 536 752 eaelo
560 719 654 751 dabit
676 719 835 760 spiritum
854 718 975 750 bonum
994 718 1177 760 petentibus
1199 717 1257 750 se?

297 774 393 805 lmmo
417 776 502 805 certe
526 772 629 811 dabit,
654 772 729 814 quia
754 771 853 804 lacobi
879 771 980 813 primo
995 773 1023 803 ¹:
1054 784 1069 799 α
1086 771 1187 803 Omne
1203 771 1257 803 da-

296 829 363 858 tum
389 825 542 867 optimum
568 829 599 857 et
621 833 713 856 omne
737 824 854 856 donum
890 824 1063 865 perfectum
1088 823 1257 856 desursum

296 882 343 912 est
359 892 388 910 ».
408 879 466 911 lste
481 878 624 920 spiritus
649 877 753 910 bonus
770 881 817 910 est
833 877 969 919 Spiritus
985 881 1127 916 sanctus,
1145 877 1176 909 in
1194 887 1258 920 quo

296 932 401 965 omnia
424 932 505 964 dona
527 931 704 969 donantur;
729 931 767 963 de
791 940 855 972 quo
880 931 1054 972 Sapientiae
1079 930 1256 972 septim02:

303 999 317 1014 α
335 985 495 1023 Invocavi,
520 988 552 1017 et
576 984 660 1017 venit
684 984 716 1016 in
751 993 801 1016 me
826 984 956 1025 spiritus
984 984 1153 1025 sapientiae
1169 996 1200 1022 »;
1226 988 1257 1017 et

296 1042 383 1081 post:
407 1052 422 1067 «
435 1039 597 1071 Venerunt
614 1037 690 1069 mihi
715 1037 821 1069 omnia
837 1037 918 1069 bona
934 1037 1052 1078 pariter
1069 1046 1141 1069 cum
1161 1037 1212 1069 illa
1225 1050 1256 1076 »;

296 1096 327 1125 et
352 1092 470 1134 primae
493 1091 532 1123 ad
555 1090 733 1123 Corinthios
757 1089 959 1122 duodecimo:
983 1089 1066 1121 «Alii
1089 1090 1183 1122 datur
1200 1099 1257 1131 per

297 1145 448 1186 Spiritum
466 1158 481 1173 »
504 1148 573 1182 etc.;
591 1147 622 1176 et
638 1147 725 1185 post:
748 1156 763 1172 α
781 1143 859 1191 Haec
876 1142 982 1175 omnia
1004 1147 1156 1184 operatur
1172 1152 1257 1176 unus

296 1202 393 1240 atque
418 1198 498 1230 idem
517 1197 670 1239 Spiritus,
687 1196 830 1229 dividens
846 1196 994 1238 singulis,
1020 1200 1115 1238 prout
1140 1196 1254 1229 vult».

297 1252 356 1285 lste
379 1252 514 1293 Spiritus
538 1251 632 1283 datur
653 1250 836 1292 petentibus
859 1253 891 1282 et
914 1250 1183 1289 desiderantibus,
1208 1259 1257 1283 se-

296 1305 435 1337 cundum
472 1303 548 1336 illud
585 1304 742 1336 Psalmi-³³:
772 1316 787 1331 «
810 1303 851 1335 Os
876 1312 981 1336 meum
1005 1304 1114 1345 aperui
1151 1307 1182 1336 et
1210 1307 1257 1336 at-

296 1358 380 1390 traxi
397 1357 542 1399 spiritum
559 1370 591 1395 »;
616 1357 763 1390 Ieremiae
787 1357 942 1390 secundo:
973 1370 988 1385 «
1005 1356 1129 1398 Onager
1153 1366 1257 1390 assue-

298 1415 348 1444 tus
372 1411 403 1443 in
433 1410 600 1443 solitudine
631 1411 662 1442 in
690 1410 846 1443 desiderio
873 1410 996 1443 animae
1020 1419 1096 1442 suae
1124 1410 1257 1443 attraxit

295 1467 425 1497 ventum
458 1464 574 1496 amoris
598 1464 645 1496 sni
664 1477 694 1495 ι).
720 1463 762 1496 Ad
788 1464 874 1496 hunc
898 1463 980 1496 enim
1011 1463 1162 1505 Spiritum
1196 1463 1257 1496 Do-

295 1518 370 1550 mini
389 1517 528 1559 snspirat
544 1518 730 1550 Sanctorum
745 1517 894 1558 spiritus;
907 1516 946 1548 ad
964 1517 1117 1549 Romanos
1130 1520 1255 1549 octavo:

299 1571 467 1613 «Spiritus
490 1574 538 1603 cst
562 1570 616 1612 qui
641 1571 812 1612 postulat»
841 1574 899 1602 etc.

385 1624 436 1657 36.
464 1624 504 1656 Et
534 1627 607 1656 erat
639 1623 757 1655 Iesus⁴
781 1622 914 1655 eiiciens
948 1623 1161 1655 daemonium
1197 1627 1256 1656 etc.

294 1678 381 1711 Sicut
404 1678 547 1710 habitum
572 1677 631 1709 fuit
655 1677 686 1709 in
711 1676 864 1718 principio
889 1676 979 1715 libri,
1009 1676 1087 1708 liber
1111 1677 1170 1709 iste
1202 1677 1258 1709 ha-

294 1733 347 1765 het
370 1735 507 1774 quatuor
533 1734 654 1772 partes;
679 1739 815 1772 quarum
853 1729 955 1771 prima
990 1732 1038 1762 est
1072 1730 1110 1762 de
1141 1730 1257 1762 Christi

295 1778 441 1823 nalura;
465 1784 603 1817 secunda
627 1793 721 1821 vero,
746 1783 785 1815 de
801 1782 916 1815 Christi
935 1783 1109 1820 doetrina,·
1133 1787 1163 1815 et
1181 1783 1257 1816 haec

294 1839 410 1881 incepit
433 1847 531 1879 supra
554 1840 669 1879 quarto
693 1836 830 1878 capitulo
842 1836 866 1874 ⁵,
884 1839 914 1868 et
939 1836 1034 1868 habet
1058 1840 1163 1877 partes
1178 1836 1258 1869 duas

295 1892 469 1925 secundum
495 1891 559 1923 duo
590 1899 687 1932 opera
722 1890 888 1931 sapientis,
922 1903 937 1918 «
954 1899 1091 1932 quorum
1117 1890 1256 1931 primum

294 1949 342 1979 est
364 1954 426 1977 non
452 1944 595 1982 menti1·i;
620 1943 806 1982 secundum,
831 1943 1031 1976 mentientem
1057 1943 1257 1977 manifestare

294 2008 385 2042 posse
398 2012 428 2030 ».
443 1998 546 2030 Prima
558 1997 653 2039 igitur
671 2006 744 2038 pars
756 2000 804 2029 est
815 1996 853 2029 de
870 1997 1002 2029 veritate
1018 1997 1205 2030 declaranda
1218 1997 1257 2029 ad

293 2052 522 2093 discipulorum
539 2050 789 2083 informationem
802 2062 809 2089 3
827 2050 974 2089 secunda,
987 2050 1025 2083 de
1037 2050 1170 2083 salsitate
1183 2060 1257 2083 con-

294 2105 423 2138 futanda
446 2114 503 2147 per
527 2101 713 2137 Indaeorum
738 2104 972 2136 adversantium
1000 2104 1254 2137 confutationem.

398 2211 546 2243 Secundo
571 2208 767 2252 confutatur
789 2208 925 2251 falsitas
950 2210 1155 2242 Iudaeorum

500 2263 754 2296 adversantium
777 2262 1053 2306 quadrupliciter.

384 2371 486 2404 Prima
510 2374 599 2412 parte
623 2370 807 2408 terminata,
832 2369 884 2401 hic
907 2369 1017 2410 incipit
1040 2369 1186 2401 secunda.
1207 2369 1262 2405 Di-,

295 2425 413 2458 viditur
430 2427 535 2457 autem
553 2424 630 2455 haec
647 2432 721 2464 pars
738 2423 768 2454 in
786 2426 933 2464 quatuor.
952 2422 984 2454 ln
1001 2431 1137 2464 quarum
1155 2422 1258 2463 prima

294 2482 383 2521 parte
408 2478 548 2510 confutat
573 2476 759 2508 ludaeorum
791 2475 1016 2513 dolositatem;
1044 2475 1075 2507 in
1101 2475 1255 2513 secunda,

294 2532 516 2574 impietatem,-
541 2530 648 2562 Erant
675 2528 1002 2572 appropinquantes,
1028 2528 1110 2560 infra
1135 2528 1256 2560 decimo

294 2585 450 2628 quinto⁶;
482 2584 514 2615 iu
543 2582 635 2615 tertia
667 2582 911 2619 curiositatem,
944 2582 1025 2614 infra
1055 2581 1176 2614 decimo
1208 2590 1256 2614 se-

294 2638 410 2680 ptimo:
442 2637 675 2678 Interrogatus
703 2639 815 2667 autem
839 2644 861 2667 a
885 2633 1083 2667 Pltarisaeis
1107 2638 1186 2673 etc.;
1223 2635 1254 2667 in

294 2693 427 2732 quarta,
452 2687 736 2727 incredulitatem,
761 2687 843 2720 infra
865 2687 986 2720 decimo
1010 2697 1110 2720 nono:
1138 2688 1177 2720 Et
1200 2686 1255 2729 fa-

295 2747 386 2776 ctum
410 2746 474 2781 est,
499 2751 575 2774 eum
595 2741 896 2784 appropinquasset
920 2733 1013 2773 Iesus
1036 2744 1095 2774 etc.

901 259 1094 291 COMMENT.
1119 259 1155 291 IN
1179 257 1418 290 EVANGELlUM
1442 258 1560 291 LUCAE
1584 258 1616 290 C.
1641 259 1688 291 XI.

1382 344 1533 379 Dolositas
1556 345 1742 380 Iudaeorum
1765 345 2032 381 calumniantium
2055 346 2211 382 miracula

1605 397 1790 434 confutatur
1813 399 1993 444 dupliciter.

1412 507 1444 539 ln
1481 506 1670 539 confutando
1701 510 1807 539 autem
1838 507 2042 540 dolositatem
2075 508 2280 542 Iudaeorum

1323 559 1425 601 primo
1449 559 1589 592 confutat
1612 559 1807 592 dolositatem
1841 559 2100 592 calumniantium
2130 560 2283 593 miracula

1323 622 1364 645 ex
1380 616 1470 654 parte
1493 621 1606 645 causae
1627 612 1815 655 efficientis;
1831 613 1861 645 in
1879 613 2016 646 secunda
2032 622 2118 653 vero,
2135 623 2176 646 ex
2193 618 2283 656 parte

1323 665 1497 707 temporis,
1522 664 1604 697 infra
1626 664 1746 697 decimo
1771 665 1864 697 tertio
1878 665 1907 697 ⁷:
1935 666 2019 698 Erat
2035 669 2147 698 autem
2163 667 2282 699 doeens

1322 718 1563 766 in-synaqoyis
1587 727 1702 750 eorum
1728 717 1890 751 Sabbatis.

1357 832 1443 859 Primo
1462 832 1634 859 confutantur
1652 832 1741 859 iudaei
1761 832 1953 859 calumniantes
1971 832 2098 860 miracula.
2117 841 2149 860 ex
2167 834 2243 869 parto

1442 885 1536 904 causae
1555 876 1707 912 efficientis,
1727 876 1816 903 deinde
1836 876 1959 912 discipuli
1978 877 2161 905 informantur.

1412 985 1514 1017 Prima
1537 985 1569 1017 in
1593 984 1672 1017 duas
1695 984 1855 1017 dividitur.
1882 985 1912 1017 ln
1935 994 2072 1027 quarum
2090 985 2192 1027 prima
2208 996 2283 1018 eon-

1321 1037 1413 1080 futat
1435 1037 1641 1069 Iudaeorum
1677 1037 1882 1069 dolositatem
1906 1042 1935 1070 et
1958 1037 2154 1080 fallaciam;
2179 1038 2209 1071 in
2235 1048 2283 1072 se-

1321 1091 1425 1124 cunda
1448 1090 1614 1133 informat
1629 1090 1811 1132 discipulos
1827 1100 1907 1123 suos
1923 1091 1969 1123 ad
1984 1090 2078 1123 illam
2096 1092 2282 1132 vitandam,

1322 1144 1403 1176 infra
1426 1143 1656 1177 duodecimoss:
1681 1143 1794 1176 Multis
1817 1147 1929 1176 autem
1953 1143 2061 1176 turbis
2085 1147 2142 1177 etc.

1411 1259 1512 1294 Primo,
1532 1259 1562 1285 do
1580 1258 1732 1285 ludaeorum
1751 1257 1890 1285 dolositate
1908 1259 1935 1285 et
1954 1258 2055 1293 triplici
2074 1258 2195 1286 fallacia.

1410 1357 1514 1389 Prima
1537 1365 1629 1398 pam,
1654 1365 1736 1398 quae
1760 1356 1899 1389 continet
1923 1366 2071 1398 praesens
2095 1357 2282 1402 capitulum,

1321 1410 1473 1443 dividitur
1504 1410 1535 1442 in
1561 1413 1666 1451 partes
1690 1413 1763 1442 tres.
1794 1409 1826 1441 In
1851 1419 1987 1452 quarum
2014 1410 2116 1452 prima
2144 1410 2284 1443 confutat

1321 1464 1474 1497 fallaciam
1495 1462 1795 1505 blasphemantium
1801 1475 1813 1501 ;
1830 1463 1861 1495 in
1879 1463 2030 1502 secunda,
2047 1463 2200 1496 fallaciam
2218 1468 2284 1496 ten-

1322 1517 1467 1550 tantium
1491 1517 1556 1549 sive
1580 1516 1845 1555 discredentium,
1870 1516 1995 1549 infra⁹:
2028 1516 2148 1549 Turbis
2172 1521 2283 1550 autem

1322 1569 1616 1607 concurrentibus;
1640 1569 1671 1601 in
1698 1569 1790 1602 tertia
1818 1578 1908 1608 vero,
1939 1569 2091 1602 fallaciam
2120 1569 2284 1603 simutan-

1323 1623 1425 1664 tium,
1451 1622 1512 1655 ibi:
1537 1621 1637 1654 Nemo
1662 1622 1810 1654 accendit
1835 1621 2017 1654 lucernam.
2042 1622 2181 1655 Primum
2206 1624 2281 1656 isto-

1322 1686 1395 1709 rum
1420 1679 1467 1709 est
1491 1676 1522 1707 in
1546 1674 1662 1713 verbu,
1687 1675 1862 1707 secundum
1887 1679 1992 1708 autem
2017 1678 2064 1708 est
2088 1675 2119 1707 in
2148 1676 2282 1716 animo,

1323 1730 1452 1763 tertium
1476 1732 1583 1761 autem
1607 1728 1749 1761 consistit
1771 1728 1803 1760 in
1827 1737 2032 1771 quocumque
2053 1728 2159 1771 siyno.

1461 1843 1620 1871 Confutatur
1638 1842 1747 1870 fallacia.
1765 1842 2001 1878 blasphemantium
2019 1851 2063 1878 por
2081 1843 2146 1870 triu.

1411 1942 1454 1975 Ad
1478 1941 1699 1975 confutandam
1723 1944 1828 1973 autem
1854 1939 2030 1983 falla-eiam
2055 1940 2284 1983 blaspheman-

1322 1997 1407 2029 tium
1430 1996 1491 2028 tria
1522 1994 1779 2027 introducuntur.
1815 1994 1917 2026 Primo
1940 1994 2024 2026 enim
2052 1994 2088 2026 fit
2111 1995 2280 2036 expressio

1321 2050 1460 2093 fraudis
1486 2049 1663 2086 I·udaieae‚·
1687 2047 1825 2081 secundo
1849 2056 1943 2086 veru,
1968 2048 2168 2089 improbatio
2183 2047 2284 2090 frau-

1321 2105 1374 2136 dis
1398 2112 1589 2145 expressae,
1608 2101 1649 2134 ibi
1664 2101 1707 2133 ¹⁰:
1726 2101 1798 2143 lpse
1814 2104 1942 2139 autem,
1960 2104 1996 2132 ut
2012 2100 2096 2133 vidit
2111 2102 2282 2144 eoyitatio-

1321 2167 1378 2190 nes
1401 2166 1516 2189 eorum
1540 2158 1610 2194 etc.;
1635 2154 1728 2187 tertio
1753 2163 1844 2192 vero,
1870 2154 2109 2186 commendatio
2133 2154 2284 2186 veritatis

1322 2215 1487 2248 ostensae,
1512 2209 1572 2241 ibi:
1599 2209 1742 2240 Factum
1765 2211 1812 2239 est
1835 2211 1965 2244 autem,
1990 2207 2072 2238 dum
2096 2205 2175 2239 haee
2199 2207 2284 2240 diee-

1322 2268 1370 2296 ret
1393 2266 1451 2296 etc.
1477 2281 1522 2285 —-
1552 2262 1642 2294 Circa
1673 2260 1914 2302 expressionem
1950 2260 2110 2292 Iudaicae
2144 2259 2284 2303 fraudis
2302 2262 2418 2316 egsslffiffir

1322 2317 1382 2349 tria
1405 2316 1543 2357 explicat
1567 2314 1779 2355 Evangelista:
1805 2313 1942 2354 primum
1968 2316 2015 2345 est
2038 2314 2184 2347 materia
2208 2314 2283 2347 lau·
2303 2316 2422 2343 tripliciter-

1322 2370 1374 2402 dis
1398 2369 1551 2406 divinae,
1576 2366 1751 2399 secundum
1774 2369 1822 2398 est
1846 2365 2050 2408 blasphemia
2066 2366 2207 2409 fraudis
2223 2366 2284 2400 liu-

1321 2431 1463 2459 manae,
1489 2420 1618 2452 tertium
1643 2422 1690 2452 est
1714 2419 1941 2451 controversia
1965 2419 2031 2452 titis
2048 2420 2237 2453 adiunctae.

1412 2474 1462 2506 37.
1488 2473 1589 2515 (Vers.
1619 2473 1693 2513 ltu).
1721 2472 1823 2504 Primo
1848 2472 1945 2514 igitur
1969 2476 2124 2515 quantum
2149 2474 2188 2506 ad
2211 2483 2283 2506 ma·
2295 2475 2440 2524 ggffidlaffiffi
2470 2472 2471 2484 ¹

1322 2528 1441 2560 teriam
1465 2526 1578 2559 laudis
1602 2526 1737 2558 divinae
1760 2526 1849 2558 dicit:
1878 2527 1915 2558 Et
1939 2531 2011 2559 erat
2035 2527 2128 2559 Iesus
2151 2527 2284 2559 eiiciens

1320 2580 1552 2618 daemonium,
1577 2584 1604 2612 et
1640 2579 1724 2612 illud
1758 2583 1830 2612 erat
1862 2586 2017 2617 midam,-
2046 2580 2077 2612 in
2102 2590 2166 2622 quo
2190 2580 2284 2613 simul

1320 2637 1494 2676 tanguntur
1518 2633 1581 2666 duo
1605 2633 1774 2672 miracula,
1792 2633 1888 2665 immo
1905 2633 1998 2665 etiam
2015 2633 2084 2665 tria.
2103 2633 2188 2666 Unde
2205 2632 2284 2666 Beda

1320 2687 1351 2719 in
1375 2686 1540 2719 Glossa¹¹:
1570 2700 1585 2715 «
1603 2687 1778 2719 Matthaeus
1806 2687 1892 2719 hunc
1923 2686 2159 2719 daemoniacum
2190 2686 2283 2719 etiam

1320 2749 1448 2773 caecum
1472 2740 1569 2773 fuisse
1591 2740 1680 2779 dicit,
1706 2740 1738 2772 in
1763 2749 1827 2782 quo
1851 2739 1911 2771 tria
1935 2739 2088 2772 miracula
2110 2748 2129 2771 a
2152 2739 2284 2772 Domino

368 2931 375 2945 ¹
398 2932 471 2957 Vers.
494 2932 534 2956 17.

366 2974 376 2990 ²
396 2976 470 3001 Vers.
489 2976 514 3001 7.
534 2979 559 3001 et
580 2976 622 3001 11.
641 2989 676 2994 -
697 2975 813 3001 Subinde
840 2976 983 3007 allegantur
1004 2977 1019 3001 1.
1039 2975 1099 3002 Cor.
1120 2976 1166 3007 12,
1187 2976 1211 3000 8.
1231 2977 1257 3000 et

296 3021 338 3045 11.
358 3019 409 3046 Csr.
430 3020 512 3051 Beda,
533 3021 568 3045 111.
589 3020 613 3045 in
634 3021 695 3045 Luc.
718 3020 764 3051 ll,
786 3020 828 3051 13,
847 3024 872 3045 ot
892 3021 908 3046 l.
929 3022 998 3046 Sent.
1013 3020 1039 3046 d.
1055 3021 1097 3045 18.
1117 3027 1143 3053 (1.
1165 3020 1189 3050 1,
1209 3019 1254 3045 ubi

295 3064 455 3094 ostenditur,
475 3064 600 3096 Spiritum
621 3066 645 3089 S.
666 3072 724 3089 esse
743 3064 858 3096 donum,
878 3065 903 3089 in
929 3072 983 3097 quo
1009 3065 1097 3090 omnia
1118 3064 1187 3090 dona
1208 3064 1255 3089 do-

296 3114 398 3135 nantur.
418 3109 465 3134 Hic
484 3110 573 3140 plures
592 3109 669 3135 codd.
690 3108 759 3135 bona
779 3109 925 3135 donantur.

367 3152 377 3167 Β
397 3154 489 3179 Psalm.
511 3154 575 3184 118,
597 3154 661 3185 131,
681 3155 724 3179 cui
743 3153 941 3186 subiunguntur
960 3156 1006 3180 ler.
1027 3156 1056 3186 2,
1076 3154 1118 3180 24.
1133 3157 1158 3179 et
1177 3154 1254 3179 Rom.

296 3199 327 3229 s,
348 3199 390 3224 26.

366 3240 377 3255 ⁴
399 3241 508 3273 Vulgata
528 3241 623 3267 omittit
643 3242 729 3273 lesus,
744 3242 816 3274 quod
831 3247 917 3267 tamen
937 3243 989 3268 iam
1003 3243 1074 3268 Beda
1093 3242 1206 3268 exhibet.
1220 3255 1256 3261 —

295 3285 333 3311 De
352 3293 426 3318 seqq.
446 3288 492 3311 cfr.
512 3287 631 3311 prooem.
650 3293 675 3311 n.
695 3287 737 3311 23.
758 3289 783 3311 et
802 3286 827 3311 in
846 3287 905 3318 ipso
924 3286 1070 3313 Comment.
1093 3293 1116 3312 c.
1138 3287 1162 3312 1.
1184 3293 1210 3311 n.
1229 3285 1254 3312 7.

366 3329 377 3344 ⁶
397 3331 472 3356 Num.
494 3331 523 3362 1,
544 3330 588 3356 ubi
608 3331 687 3356 otiam
707 3330 790 3356 verba
809 3331 913 3357 Aristot.
932 3331 966 3357 de
994 3330 1101 3357 duobus
1129 3330 1256 3364 operibus

293 3374 422 3407 sapientis
440 3375 548 3407 allegata
568 3378 637 3400 sunl.

366 3417 378 3433 ⁶
399 3420 471 3445 Vers.
494 3419 521 3444 l:
543 3419 631 3445 Erant
649 3420 740 3446 autem
758 3419 1007 3453 appropinquantes
1021 3419 1066 3452 <ita
1086 3420 1164 3446 etiam
1177 3418 1255 3457 codd.

1321 2931 1427 2956 inferius
1446 2930 1562 2963 legunt);
1582 2930 1655 2955 tertia
1677 2936 1738 2961 pars
1757 2928 1868 2954 habetur
1888 2928 1936 2959 17,
1956 2929 1998 2954 20.
2018 2931 2044 2954 et
2062 2931 2155 2961 quarta
2177 2929 2218 2960 19,
2239 2929 2283 2961 29,

1321 2975 1366 3000 ubi
1388 2976 1498 3007 Vulgata
1518 2979 1543 3001 ct
1564 2975 1619 3000 Vat.
1641 2974 1763 2999 omittunt
1782 2974 1865 2999 Iesus.

1391 3018 1401 3034 ⁷
1422 3021 1496 3046 Vers.
1509 3021 1551 3051 10,
1567 3019 1612 3045 ubi
1626 3020 1738 3050 Vulgata
1749 3021 1774 3044 et
1787 3019 1845 3044 Vnt.
1860 3025 1908 3050 pro
1922 3017 1950 3044 in
1963 3018 2110 3052 synaqoyz's
2123 3017 2283 3044 substituunt

1320 3064 1349 3091 in
1367 3072 1523 3099 synayoqa,
1543 3072 1604 3091 cum
1618 3071 1670 3097 qua
1685 3064 1793 3089 lectione
1806 3063 1884 3089 etiam
1902 3063 1979 3089 codd.
1994 3063 2101 3088 inferius
2113 3062 2282 3088 conveniunt.

1391 3107 1402 3123 ⁸
1423 3110 1497 3135 Vers.
1518 3110 1541 3135 1,
1716 3106 1727 3121 ⁹
1747 3109 1821 3134 Vcrs.
1841 3108 1889 3138 29;
1910 3108 1982 3133 tertia
2002 3114 2064 3139 pars
2083 3107 2174 3138 incipit
2193 3114 2217 3132 v.
2239 3106 2282 3132 33.

1393 3152 1414 3167 ¹⁰
1434 3154 1508 3179 Vers.
1530 3154 1562 3179 17
1574 3164 1580 3185 ;
1595 3153 1699 3179 tertium
1713 3151 1825 3178 habetur
1838 3159 1864 3177 v.
1878 3152 1925 3183 27,
1945 3151 1990 3177 ubi
2005 3158 2053 3184 pro
2067 3150 2133 3177 dum
2144 3150 2210 3177 haec
2223 3150 2282 3176 Vul-

1320 3201 1379 3230 gata
1393 3201 1418 3224 et
1431 3198 1490 3224 Vat.
1506 3205 1568 3225 cum
1582 3197 1656 3224 haee.
1666 3211 1702 3217 -
1712 3198 1798 3229 Supra
1809 3204 1858 3229 pro
1870 3194 2115 3230 blasphemantium
2128 3194 2201 3221 CDF
2215 3193 2282 3221 blas-

1316 3242 1517 3275 phematorum,
1528 3241 1601 3274 quod
1612 3241 1677 3267 infra
1689 3249 1714 3266 n.
1726 3241 1767 3266 64.
1779 3241 1857 3267 etiam
1868 3241 1957 3272 plures
1970 3239 2048 3265 codd.
2062 3242 2087 3265 et
2104 3239 2161 3264 Vat.
2177 3238 2281 3264 habent.

1392 3285 1412 3300 ¹¹
1434 3286 1536 3312 Scilicet
1553 3285 1697 3312 ordinaria
1710 3286 1736 3311 in
1750 3286 1811 3311 Luc.
1833 3286 1860 3310 11
1874 3305 1880 3317 ,
1895 3285 1927 3310 tt
1942 3284 2023 3317 (Beda
2036 3284 2154 3317 sequitur
2168 3283 2282 3316 Hieron.²

1319 3331 1346 3356 11.
1366 3329 1512 3356 Comment.
1532 3330 1556 3355 in
1577 3330 1665 3355 Matth.
1688 3329 1729 3360 12,
1750 3328 1813 3362 22.),
1834 3329 1861 3354 in
1878 3335 1932 3361 qua
1953 3328 2042 3360 plures
2055 3327 2133 3354 codd.
2146 3334 2196 3359 pro
2215 3327 2282 3354 Mat-

1319 3374 1414 3401 thaeus
1433 3373 1495 3408 [12,
1515 3373 1569 3407 22.]
1599 3380 1739 3406 perperam
1767 3373 1895 3405 Marcus,
1924 3375 1950 3398 et
1975 3379 2024 3404 pro
2052 3371 2182 3401 daemone
2201 3370 2280 3398 CDF

1321 3418 1470 3445 daemonio.
