2476 3921
138 604 247 630 indagatio
256 610 290 625 ve-

147 631 217 651 ritatis
231 631 291 651 aucli-

147 660 189 678 tae.

150 1451 241 1472 Factura
253 1450 291 1471 du-

141 1478 171 1498 cit
179 1477 207 1498 ad
218 1477 291 1498 Facto-

141 1510 193 1525 rem.

158 1876 287 1898 Notandum.

143 2194 240 2216 lnventio
255 2200 289 2216 ve-

144 2221 213 2242 ritatis
224 2227 288 2248 quae·

184 2248 246 2269 sitae.

185 2275 289 2296 Notantui·

157 2304 247 2327 quatuor
262 2302 290 2323 do

157 2330 238 2349 curato.

303 245 366 276 906

301 341 406 370 mane,
431 330 558 363 sceleris
581 338 762 370 arguemur.
795 328 921 366 Venite,
946 336 1054 360 eamus
1077 330 1108 359 et
1134 326 1258 358 nuntie-

302 394 372 417 mus
395 385 425 416 in
450 384 522 416 aula
546 383 628 424 regis
644 396 674 414 ³).
692 382 750 414 Sed
774 381 866 414 mala
890 390 950 414 non
975 384 1049 413 sunt
1065 379 1257 418 nuntianda3

302 437 428 471 secundi
453 438 570 478 Regum
596 436 719 477 primo:
749 448 763 462 «
782 434 880 467 Nolite
904 434 1092 466 annuntiare
1116 433 1147 465 in
1179 433 1258 465 Geth

302 499 403 532 neque
427 490 620 522 annuntietis
644 489 673 521 in
699 488 842 529 compitis
865 487 1021 519 Ascalonis
1038 500 1067 518 ».

392 544 442 575 61.
468 543 568 583 (Vers.
595 542 671 582 35).
697 541 839 573 Secundo
864 549 938 572 vero
962 543 1116 581 quantum
1142 538 1181 571 ad
1209 539 1259 571 in-

302 597 513 639 dagationem
544 595 694 627 veritatis
725 594 861 626 auditae
892 592 1059 625 subditur:
1098 592 1260 624 Exierunt

303 654 413 693 (tutem
437 648 546 681 videre
570 648 657 691 quod
679 645 808 689 factum
831 651 895 683 est,
920 649 947 677 et
970 648 1130 677 venerunt
1150 644 1195 675 ad
1214 643 1260 675 le-

302 712 387 734 sum.
415 702 594 739 Exierunt,
620 701 766 742 inquam,
791 699 829 731 ad
845 698 1097 740 inquisitionem3
1123 697 1261 729 Cantico-

304 765 374 788 rum
402 755 493 787 tertio
509 756 519 773 ¹
534 767 540 785 z
571 767 586 782 «
604 753 807 795 Egredimini‚
832 752 914 784 filiae
937 752 1007 784 Sion
1019 777 1026 789 ,
1044 754 1075 783 et
1092 750 1193 782 videte
1210 759 1259 782 re—

303 818 372 851 gem
398 808 592 840 Salomonem
610 819 641 845 »;
666 810 696 838 et
720 806 751 837 in
777 805 916 837 Psalmo:
947 818 962 832 «
978 804 1087 836 Venite
1110 807 1141 836 et
1158 803 1260 835 videte

303 871 398 903 opera
422 861 562 899 Domini,
588 868 669 902 quae
692 859 796 901 posuit
821 858 959 899 prodigia
982 866 1077 899 super
1095 860 1210 888 terram
1228 870 1257 887 ».

303 934 347 938 —
368 914 521 946 Exierunt
544 916 649 945 autem
673 912 719 944 ad
743 912 870 948 Iesum,
896 910 949 952 qui
973 914 1020 942 est
1044 909 1207 947 Veritas2,
1225 912 1261 941 ut

303 968 459 1000 discerent
475 966 649 999 veritatem.
668 965 758 1002 Nam,
776 964 857 996 sicut
872 963 946 994 dicit
963 962 1113 994 sollicitus
1130 961 1260 1003 inquisi—

305 1025 353 1053 tor
370 1020 421 1052 lob
438 1019 587 1061 vigesimo
604 1018 712 1050 tertio:
736 1030 751 1045 «
764 1017 840 1058 Quis
857 1016 931 1048 mihi
951 1015 1078 1053 tribuat,
1096 1018 1132 1047 ut
1148 1023 1261 1056 cogno-

304 1083 386 1107 scam
411 1077 441 1106 et
465 1072 620 1104 inveniam
645 1071 791 1107 illumet
814 1070 936 1102 veniam
961 1077 1063 1110 usque
1086 1067 1124 1099 ad
1148 1067 1260 1100 solium

303 1127 371 1160 eius
383 1129 419 1158 n?
441 1125 489 1158 Sic
514 1124 717 1161 Samaritani,
742 1123 848 1155 audito
874 1122 970 1154 verbo
995 1121 1154 1158 mulieris,
1176 1120 1262 1152 Ioan-

304 1180 351 1212 nis
375 1182 509 1221 quarto:
540 1190 555 1206 «
573 1177 653 1209 Abiit
677 1176 791 1209 mulier
823 1176 852 1207 in
877 1175 1033 1219 civitatem
1058 1178 1088 1206 et
1112 1173 1186 1206 dicit
1210 1173 1263 1205 ho-

305 1233 442 1265 minibus
464 1232 546 1264 illis:
572 1231 681 1264 Venite
705 1233 735 1262 et
762 1229 862 1262 videte
895 1228 1071 1265 hominem,
1103 1227 1157 1269 qui
1182 1226 1264 1258 dixit

304 1286 379 1318 mihi
404 1285 526 1323 omnia,
552 1291 771 1326 quaecumque
794 1282 851 1314 feci
869 1295 899 1313 ».
927 1294 942 1310 «
961 1281 1114 1313 Exierunt
1130 1289 1205 1321 ergo
1225 1279 1263 1311 de

304 1339 428 1372 civitate
451 1342 481 1371 et
506 1337 671 1370 veniebant
694 1336 733 1368 ad
758 1345 830 1368 eum
850 1350 878 1367 n.

395 1393 430 1424 Et
453 1391 624 1424 notandum
649 1394 696 1422 est
712 1389 819 1428 valde,
837 1389 920 1431 quod
937 1388 1052 1421 dicitur
1063 1414 1070 1427 ‚
1087 1387 1171 1429 quod
1188 1387 1263 1419 dum

305 1449 423 1477 exeunt
445 1444 555 1476 videre
572 1442 659 1486 qnod
674 1441 804 1484 factum
820 1446 880 1481 est,
898 1445 1056 1473 venerunt
1080 1441 1125 1473 ad
1144 1441 1263 1478 Iesum,

306 1498 380 1540 quia
396 1497 527 1535 factura,
544 1496 619 1528 dum
639 1495 775 1532 videtur,
792 1495 878 1527 ducit
894 1494 930 1526 ad
949 1495 1127 1532 Factorem;
1152 1493 1190 1525 ad
1208 1494 1264 1525 Ro-

306 1560 414 1583 manos
439 1550 581 1592 primo³:
613 1548 812 1581 «Invisibilia
842 1548 896 1580 Dei
921 1557 939 1580 a
962 1550 1109 1580 creatura
1140 1546 1264 1585 mundi,

306 1614 366 1647 per.
386 1613 422 1636 ea
445 1612 525 1645 quae
542 1603 622 1635 facta
638 1606 727 1640 sunt,
752 1602 907 1634 intellecta
932 1601 1169 1642 conspiciuntur
1186 1612 1217 1639 »3
1234 1603 1265 1632 et

307 1658 480 1699 Sapientiae
503 1656 623 1688 decimo
648 1655 754 1688 tertio:
785 1656 833 1686 «A
859 1653 1073 1696 magnitudine
1097 1653 1209 1695 speciei
1235 1656 1265 1685 et

306 1715 471 1744 creaturae
502 1709 751 1751 cognoscibiliter
783 1708 898 1750 poterit
928 1707 1056 1739 Creator
1082 1707 1196 1739 horum
1220 1706 1265 1738 vi-

306 1764 420 1797 deri».
447 1763 483 1795 Et
506 1763 574 1795 ideo
609 1760 813 1794 Ecclesiastici
846 1760 1085 1802 quadragesimo
1109 1759 1264 1792 secundo:

311 1831 326 1846 a
343 1817 443 1858 Quam
467 1815 661 1848 admirabilia
676 1823 771 1856 opera
787 1814 886 1852 illius,
903 1817 933 1846 et
950 1816 1099 1855 tanquam
1123 1813 1266 1852 scintilla,

308 1878 389 1912 quae
413 1872 460 1902 est
484 1867 682 1901 considerare
700 1870 728 1898 »1
755 1867 787 1898 ln
812 1867 871 1898 hoc
887 1870 992 1898 autem
1010 1869 1157 1907 apparet,
1182 1865 1267 1907 quod

308 1932 370 1955 non
394 1926 441 1955 est
465 1921 610 1954 standum
628 1921 658 1952 in
676 1920 815 1958 factura,
832 1919 886 1952 sed
902 1919 1148 1960 perveniendum
1166 1927 1267 1960 usque

308 1977 346 2009 ad
372 1977 489 2014 [esum;
516 1974 718 2007 Ecclesiastici
744 1972 984 2015 quadragesimo
1000 1972 1135 2004 tertio4:
1159 1985 1173 2000 «
1191 1972 1267 2004 Vide

307 2039 416 2063 arcum
434 2032 464 2062 et
480 2028 609 2061 benedic
626 2027 679 2069 qui
697 2026 769 2059 fecit
785 2026 872 2058 illum
890 2038 921 2064 »;
938 2029 969 2058 et
985 2025 1017 2057 in
1035 2025 1168 2057 Psalmo:
1193 2038 1208 2053 «
1223 2025 1267 2057 Ex

307 2093 363 2117 ore
386 2082 551 2121 infantium
575 2084 606 2114 et
630 2080 811 2113 lactentium
837 2078 993 2121 perfecisti
1018 2078 1142 2111 laudem
1159 2092 1174 2107 »
1208 2082 1266 2111 etc.

398 2137 449 2168 62.
475 2134 579 2167 Tertio
611 2136 764 2175 quantum
797 2132 836 2164 ad
867 2131 1084 2163 inventionem
1118 2131 1268 2163 veritatis

307 2189 476 2234 quaesitae
499 2187 662 2220 subditur:
691 2187 729 2218 Et
752 2185 947 2218 invenerunt
971 2183 1132 2217 hominem
1156 2185 1268 2217 seden-

308 2247 389 2282 tem,
414 2252 436 2274 a
459 2251 523 2285 quo
554 2240 732 2273 daemonia
767 2239 936 2277 exierant,
967 2242 999 2271 et
1029 2239 1072 2271 ita
1104 2239 1135 2271 in
1164 2238 1268 2271 debito

307 2300 397 2329 stata
421 2298 530 2328 contra
553 2293 829 2335 inquietationem,
855 2292 930 2334 quia
946 2301 1109 2334 nunquam
1126 2292 1267 2334 quiesce-

308 2349 378 2388 bat,
403 2347 528 2391 quando
563 2347 706 2379 diabolus
742 2355 814 2379 eum
841 2345 1034 2388 possidebat3
1058 2345 1153 2378 Isaiae
1176 2345 1268 2387 quin-

308 2403 491 2446 quagesimo
526 2400 701 2442 septim05:
733 2413 747 2428 «
766 2400 852 2441 [mpii
884 2399 973 2441 quasi
1007 2408 1093 2432 mare
1124 2399 1267 2438 fervens,

307 2456 392 2499 quod
416 2456 578 2497 quiescere
602 2463 662 2486 non
688 2456 835 2495 potest».
861 2453 993 2485 Econtra
1008 2452 1046 2485 de
1062 2462 1117 2491 eo,
1146 2453 1177 2484 in
1206 2462 1269 2494 quo

279 2531 283 2533 -
308 2509 462 2541 inhabitat
485 2508 621 2549 Spiritus
656 2506 794 2545 Domini,
819 2506 935 2538 dicitur
969 2506 1168 2538 Threnorum
1207 2509 1269 2537 ter-

308 2563 372 2595 tio:
402 2575 417 2590 «
446 2561 569 2594 Sedebit
593 2560 751 2593 solitarius
786 2562 817 2592 et
840 2559 955 2591 tacebit
982 2557 1134 2600 »;'quia‚
1158 2567 1269 2591 secun-

308 2616 384 2648 dum
408 2615 485 2647 illud
510 2614 638 2652 Psalmi,
669 2613 731 2644 «in
756 2622 831 2654 pace
854 2612 955 2644 sactus
979 2614 1026 2644 est
1042 2612 1130 2644 locus
1153 2612 1221 2644 eius
1238 2625 1267 2643 ».

309 2688 353 2693 --
379 2670 566 2701 invenerunt
598 2667 690 2699 etiam
723 2674 795 2698 eum
832 2666 862 2697 in
886 2664 990 2697 debito
1014 2663 1129 2697 habitu
1161 2668 1270 2697 contra

310 2722 531 2759 nudationem3
560 2723 689 2761 propter
725 2719 810 2761 quod
840 2718 941 2750 addit:
986 2718 1150 2749 Vestitum.
1187 2718 1270 2750 Talis

877 238 1070 271 COMMENT.
1096 238 1131 270 ΙΝ
1158 236 1394 269 EVANGELIUM
1418 235 1536 268 LUCAE
1560 235 1592 267 C.
1617 235 1690 266 VllI.

1321 324 1402 357 enim
1427 324 1553 356 habitus
1577 323 1665 355 decet
1689 322 1847 354 hominem
1871 325 1934 354 tam
1957 321 2162 363 corporaliter
2183 328 2279 363 quam

1322 376 1541 418 spiritualiter;
1558 375 1754 417 Apocalypsis
1769 375 1889 407 decimo
1905 377 1996 407 sexto
2008 375 2035 406 ⁶:
2059 387 2074 402 «
2086 374 2208 413 Beatus,
2224 374 2278 415 qui

1323 429 1457 462 custodit
1481 429 1664 461 vestimenta
1687 437 1762 466 sua,
1786 436 1825 460 ne
1849 427 1954 459 nudus
1969 427 2109 459 ambulet
2126 440 2154 458 2).
2174 445 2215 450 —
2233 427 2280 458 ln-

1323 486 1479 515 venerunt
1502 482 1594 514 etiam
1611 490 1683 514 eum
1700 482 1731 513 in
1748 480 1851 512 debito
1868 490 1967 512 sensu
1991 483 2100 512 contra
2124 479 2281 512 insanitio·

1323 545 1393 568 nem
1403 548 1411 574 ;
1436 538 1564 576 propter
1581 534 1663 576 quod
1681 533 1803 566 subdit:
1824 535 1870 565 Ac
1886 542 1973 565 sana
1990 537 2111 571 mente‚·
2127 533 2211 565 unde
2227 542 2281 574 po-

1324 592 1405 622 terat
1428 589 1532 621 dicere
1556 588 1632 620 illud
1657 586 1942 620 Nabuchodonosor
1965 586 2101 619 Danielis
2124 586 2280 628 quart0⁷:

1329 656 1344 670 «
1357 643 1389 674 In
1414 642 1481 683 ipso
1502 645 1644 683 tempore
1667 650 1778 673 sensus
1795 648 1883 672 meus
1900 648 2047 672 reversus
2063 643 2110 672 est
2126 639 2164 671 ad
2189 648 2239 672 me
2251 652 2281 671 n.

1324 696 1423 736 Quem
1448 703 1574 727 sensum
1592 694 1695 727 aufert
1715 693 1858 725 diabolus
1874 693 1919 725 eis
1939 701 2018 734 quos
2035 692 2185 733 possidet,
2207 692 2283 725 infa-

1324 747 1441 780 tuando
1454 756 1564 780 eorum
1584 750 1717 785 mentes,
1735 745 1889 778 secundae
1906 745 1944 777 ad
1960 745 2137 778 Corinthios
2154 747 2282 787 quarto:

1330 814 1345 829 «
1362 801 1393 833 In
1419 801 1535 842 quibus
1560 801 1644 833 Deus
1676 800 1772 832 huius
1806 799 1921 832 saeculi
1958 799 2139 831 excaecavit
2162 802 2284 831 mentes

1324 854 1497 886 infidelium
1515 867 1545 885 ».
1571 872 1614 876 -
1638 853 1828 885 Invenerunt
1851 861 1922 885 eum
1940 853 2033 885 etiam
2050 852 2082 884 in
2098 851 2201 884 debito
2217 851 2284 884 situ

1325 910 1434 939 contra
1457 906 1742 945 deordinationem;
1761 909 1889 947 propter
1906 905 1990 947 quod
2006 905 2205 947 adiungitur:
2231 905 2285 937 Ad

1321 960 1419 1001 pedes
1442 960 1532 998 eius,
1566 963 1714 1001 tanquam
1750 959 1905 991 intentum
1942 958 2163 1000 praedicationi
2200 958 2285 997 eius,

1325 1012 1499 1045 secundum
1524 1012 1600 1044 illud
1625 1012 1859 1044 Deuteronomii
1884 1012 2101 1053 penultimoss:
2124 1024 2139 1040 «
2156 1011 2214 1053 Qui
2232 1020 2286 1052 ap-

1325 1066 1539 1107 propinquant
1550 1065 1682 1107 pedibus
1694 1065 1763 1097 eius
1778 1065 1931 1106 accipient
1946 1065 1984 1097 de
2001 1065 2143 1097 doctrina
2158 1065 2243 1097 illius
2256 1076 2286 1103 »;

1299 1115 1301 1117 ’
1326 1122 1357 1151 et
1380 1118 1461 1150 infra
1484 1118 1618 1151 decimo:
1649 1131 1664 1147 «
1681 1118 1777 1150 Maria
1800 1118 1911 1150 sedens
1935 1127 2026 1150 secus
2043 1118 2136 1160 pedes
2154 1118 2286 1157 Domini,

1326 1172 1472 1204 audiebat
1496 1172 1628 1204 verbum
1654 1171 1780 1204 illius».
1800 1190 1841 1194 —
1858 1171 1895 1203 Et
1919 1180 1974 1212 per
1992 1172 2068 1204 haec
2092 1171 2206 1204 indicia
2222 1180 2287 1204 ma-

1327 1225 1437 1257 nifeste
1453 1228 1668 1267 cognoverunt
1684 1225 1789 1266 ipsum
1806 1225 1973 1257 liberatum
1991 1235 2030 1257 θῦε
2042 1225 2183 1267 proprio
2200 1225 2285 1257 visu.

1328 1297 1369 1302 —
1394 1278 1517 1310 Modum
1542 1282 1647 1310 autem
1673 1278 1844 1310 curationis
1867 1281 1898 1310 et
1922 1287 2048 1310 causam
2072 1282 2288 1320 cognoverunt
2307 1278 2432 1327 ,ξᾞξξίῑξξξ

1327 1341 1386 1373 per
1410 1331 1585 1370 auditum,
1611 1332 1685 1373 quia
1708 1331 1891 1370 audierant,
1916 1332 1976 1364 hoc
2000 1331 2116 1364 factum
2141 1340 2209 1364 esse
2232 1340 2288 1373 per
2307 1332 2400 1353 dimm-

1328 1384 1498 1416 Christum.
1532 1385 1661 1426 Propter
1696 1385 1780 1426 quod
1812 1384 1976 1417 subditur:
2010 1386 2049 1416 Et
2085 1385 2288 1425 timuerunt,

1329 1437 1446 1470 scilicet
1469 1437 1648 1476 Christum,
1672 1438 1867 1470 attendentes
1891 1438 1959 1470 eius
1982 1438 2093 1470 miram
2118 1439 2287 1480 potentiam

1329 1494 1360 1524 et
1383 1491 1616 1529 fortitudinem,
1641 1491 1812 1524 secundum
1846 1491 1923 1524 illud
1955 1491 2102 1524 Ieremiae
2126 1492 2289 1525 decim0⁹:

1335 1558 1350 1573 «
1366 1544 1443 1585 Quis
1466 1554 1528 1576 non
1564 1545 1685 1576 timebit
1710 1548 1756 1583 te,
1781 1554 1799 1577 o
1824 1553 1881 1577 rex
1917 1545 2083 1586 gentium?
2113 1546 2217 1584 ,Tuum
2244 1549 2291 1578 est

1329 1598 1413 1631 enim
1436 1598 1549 1636 decus:
1582 1598 1664 1630 inter
1688 1601 1822 1638 cunctos
1853 1598 2008 1640 sapientes
2041 1599 2181 1641 gentium
2204 1602 2235 1631 et
2259 1599 2288 1631 in

1330 1652 1486 1684 universis
1510 1651 1615 1693 regnis
1638 1660 1748 1684 eorum
1773 1652 1880 1684 nullus
1904 1656 1951 1685 est
1974 1653 2083 1685 similis
2108 1653 2153 1685 tui
2170 1666 2201 1685 n.

1421 1705 1471 1738 63.
1495 1705 1595 1745 (Vers.
1614 1705 1690 1742 36).
1716 1705 1758 1737 Ad
1783 1705 1842 1737 boc
1865 1705 1984 1738 inducit
2006 1710 2128 1739 certum
2153 1706 2290 1739 testimo-
2304 1703 2429 1751 Qffiigffi

1331 1758 1436 1796 nium,
1461 1758 1530 1790 ideo
1566 1757 1688 1790 subdit:
1714 1757 1962 1790 Nuntiaverunt
1986 1763 2097 1791 autem
2122 1759 2188 1791 illis
2217 1758 2253 1791 hi
2265 1760 2291 1779 1⁰

1330 1807 1389 1855 qui
1410 1811 1580 1849 viderant,
1605 1811 1723 1844 scilicet
1747 1815 1896 1852 pastores.
1922 1811 1997 1844 Nam
2022 1812 2099 1845 tales
2115 1812 2230 1845 debent
2247 1816 2291 1845 te-

1331 1864 1476 1903 stificari;
1504 1865 1623 1897 loannis
1647 1864 1767 1897 decimo
1791 1873 1889 1896 nono:
1927 1877 1943 1892 «
1961 1865 1997 1896 Et
2027 1865 2080 1907 qui
2106 1865 2182 1898 vidit
2206 1866 2292 1898 testi-

1331 1918 1471 1950 monium
1496 1917 1700 1959 perhibuit».
1726 1936 1769 1941 -—
1795 1918 1962 1958 Quomodo
1985 1928 2093 1950 sanus
2114 1917 2228 1961 factus
2244 1929 2292 1952 es-

1331 1974 1376 2002 set
1400 1980 1422 2002 a
1446 1970 1585 2012 leqione,
1611 1979 1666 2012 per
1691 1970 1805 2003 Christi
1829 1971 2007 2013 imperium.
2026 1972 2090 2004 Tali
2116 1973 2292 2006 testimonio

1331 2027 1378 2056 est
1402 2024 1607 2062 credendum;
1633 2024 1752 2065 primae
1769 2024 1889 2057 Ioannis
1913 2025 2015 2066 primo
2029 2026 2072 2057 ¹1:
2102 2039 2118 2054 «
2135 2026 2224 2067 Quod
2246 2026 2292 2059 vi—

1331 2077 1436 2109 dimus
1458 2079 1489 2109 et
1512 2076 1691 2109 audivimus
1712 2080 1743 2109 et
1767 2077 1988 2119 perspeximus
2008 2081 2161 2111 testamur
2185 2083 2216 2112 et
2238 2089 2293 2112 an—

1332 2130 1516 2162 nuntiamus
1540 2129 1628 2162 vobis
1644 2142 1674 2168 »;
1701 2130 1858 2162 Psalmus:
1885 2143 1900 2159 «
1916 2131 2084 2164 Narrantes
2108 2132 2216 2165 laudes
2233 2133 2292 2165 Do—

1332 2183 1407 2216 mini
1440 2186 1472 2216 et
1502 2183 1657 2215 mirabilia
1681 2183 1766 2222 eius,
1791 2192 1872 2225 quae
1895 2183 1968 2216 fecit
1988 2190 2019 2223 »‘;
2042 2185 2134 2227 quia,
2159 2186 2292 2219 Actuum

1332 2240 1464 2280 quarto,
1494 2251 1510 2266 «
1524 2246 1585 2270 non
1609 2246 1777 2279 possumus
1801 2246 1882 2279 quae
1905 2237 2083 2271 audivimus
2104 2241 2135 2271 et
2157 2239 2293 2272 vidimus

1332 2301 1394 2324 non
1420 2291 1504 2333 loqui
1523 2304 1552 2322 ».

1423 2345 1473 2377 64.
1500 2344 1601 2385 (Vers.
1633 2344 1710 2385 37.).
1736 2344 1855 2385 Quarto
1880 2353 1955 2377 vero
1978 2348 2133 2386 quantum
2150 2346 2189 2378 ad
2205 2356 2295 2379 vene-
2313 2342 2436 2390 ver‘i'ffi'ffi‘:

1332 2399 1496 2431 rationem
1526 2398 1677 2430 veritatis
1712 2397 1862 2430 inventae
1890 2397 2055 2431 subditur:
2081 2399 2294 2441 Royaverunt
2314 2398 2396 2417 'emm

1332 2462 1407 2484 eum
1422 2453 1447 2471 ¹²
1464 2452 1572 2484 omnis
1588 2451 1764 2484 multitudo
1777 2451 1922 2494 reyionis
1939 2452 2295 2488 Gerasenorum..p⁰st-

1333 2514 1428 2547 quam
1444 2508 1660 2546 cognoverunt
1676 2504 1842 2537 Maiestatis
1859 2504 2026 2547 imperium
2047 2504 2293 2545 formidandum,

1333 2560 1524 2599 rogaverunt
1548 2566 1620 2590 eum
1632 2583 1639 2595 ,
1657 2560 1694 2589 ut
1710 2557 1886 2589 diseederet
1912 2557 1954 2589 ab
1982 2558 2037 2590 eis.
2056 2558 2145 2599 Quod
2167 2558 2294 2601 quidem

1333 2620 1396 2643 non
1419 2610 1563 2643 dicebant
1586 2613 1769 2652 contemptu
1785 2610 1966 2652 superbiae,
1985 2611 2066 2643 sicut
2090 2611 2152 2650 illi,
2169 2611 2208 2644 de
2223 2612 2293 2654 qui-

1334 2664 1394 2697 bus
1418 2664 1470 2696 lob
1494 2663 1642 2706 vigesimo
1666 2663 1769 2705 primo
1782 2663 1826 2696 ¹³:
1848 2677 1863 2692 ιι
1880 2664 1938 2705 Qui
1956 2664 2065 2696 dicunt
2080 2665 2159 2697 Deo:
2177 2665 2294 2698 Recede

1334 2727 1352 2749 a
1375 2717 1481 2755 nobis;
1506 2717 1667 2750 scientiam
1703 2716 1828 2749 viarum
1864 2720 1992 2750 tuarum
2018 2718 2168 2751 nolumus
2184 2730 2215 2758 »;
2240 2718 2292 2751 sed

383 2880 391 2895 ¹
413 2882 486 2907 Vers.
508 2882 548 2906 ii.
568 2894 604 2899 -
620 2880 742 2913 Sequitur
771 2881 810 2905 Ps.
838 2879 885 2911 45,
905 2880 928 2904 9.
950 2893 983 2897 -—-
1004 2879 1130 2910 Superius
1158 2886 1206 2910 pro
1232 2879 1269 2905 ad

312 2925 510 2960 inquisitionem
529 2926 547 2950 C
559 2925 610 2949 DG
627 2931 677 2957 per
697 2923 903 2957 inquisitionem.

382 2968 392 2983 ²
412 2971 482 2995 loun.
505 2969 551 3000 44,
571 2970 604 2993 6:
631 2969 685 3000 Ego
709 2975 767 2993 sum
788 2968 830 2992 via
856 2971 881 2992 et
906 2967 1002 2992 veritas
1026 2970 1052 2992 et
1070 2967 1132 2993 vita.
1150 2982 1185 2986 —
1205 2966 1269 2992 Sub-

312 3014 373 3040 inde
393 3014 536 3045 allegantur
556 3012 600 3038 lob
620 3013 668 3043 23,
688 3013 712 3037 3.
732 3015 757 3037 et
776 3013 844 3037 ioan.
865 3012 895 3042 4,
915 3012 957 3037 28.
976 3018 1031 3044 seq.

384 3056 394 3071 ⁸
415 3058 489 3083 Vers.
509 3058 551 3082 20.
571 3071 606 3075 —
625 3057 682 3082 Duo
702 3063 776 3089 seqq.
802 3056 850 3082 loci
875 3060 936 3082 sunt
955 3057 1015 3087 Sap.
1036 3056 1084 3087 43,
1104 3056 1128 3082 5.
1148 3059 1173 3082 et
1191 3057 1267 3082 Eccli.

313 3103 360 3135 42,
379 3103 422 3128 23.

383 3146 394 3160 ¹
414 3147 488 3172 Vers.
509 3147 556 3177 42,
576 3149 635 3177 post
653 3153 732 3178 quem
752 3146 791 3171 Ps.
813 3146 841 3177 8,
861 3146 885 3170 3.

375 3189 394 3220 ,⁶
415 3191 487 3216 Vers.
513 3191 555 3215 20.
574 3204 609 3209 —
629 3191 778 3222 Sequuntur
797 3191 893 3216 Thren.
913 3190 941 3220 3,
962 3190 1003 3215 28.
1023 3193 1049 3215 et
1068 3190 1107 3215 ΡΞ.
1126 3189 1170 3220 75,
1191 3191 1214 3215 3.

384 3233 395 3248 ³
414 3235 487 3260 Vers.
512 3234 551 3259 15.

384 3277 393 3292 ⁷
416 3279 489 3304 Vers.
509 3279 551 3304 33.
570 3293 605 3298 —
624 3278 742 3304 Subinde
760 3280 886 3311 allegatur
900 3280 926 3304 ll.
939 3279 998 3305 Cor.
1012 3279 1039 3311 4,
1055 3278 1079 3304 4.
1091 3269 1269 3310 -Superii’ss

312 3330 362 3356 pro
383 3325 478 3349 contra
496 3322 698 3354 insanitionem,
721 3323 794 3356 quod
814 3323 909 3349 hahent
922 3324 941 3349 A
953 3324 1014 3355 ΒΕ,
1036 3323 1092 3349 Vat.
1116 3325 1212 3350 contra
1231 3323 1270 3349 in-

314 3366 422 3393 saniam
442 3366 471 3399 [C
490 3366 725 3401 insinuationem,
745 3368 765 3392 G
786 3369 881 3394 contra
899 3366 1123 3402 infirmationem,
1137 3368 1158 3393 H
1172 3368 1270 3394 contra

313 3411 521 3445 infamationem
535 3411 586 3444 [Du
600 3410 702 3444 Gange,
716 3412 876 3437 Glossarium
891 3415 954 3437 etc.:
968 3411 1124 3446 lnfatuatio,
1145 3411 1269 3446 fatuitas]

1403 2877 1413 2891 ³
1434 2879 1507 2903 Vers.
1529 2879 1557 2910 3,
1577 2878 1618 2904 cui
1638 2877 1807 2909 subiungitur
1825 2879 1887 2904 Luc.
1908 2879 1955 2909 10,
1975 2879 2018 2904 39.

1403 2921 1414 2936 ⁹
1435 2923 1508 2948 Vers.
1527 2922 1552 2953 7,
1572 2922 1617 2948 ubi
1637 2930 1685 2955 pro
1704 2922 1774 2949 inter
1793 2922 1875 2948 CDG
1888 2923 1910 2947 H
1928 2929 2019 2956 super.
2044 2937 2076 2941 —
2098 2923 2225 2955 Superius
2242 2929 2291 2955 pro

1332 2966 1434 2993 miram
1449 2966 1597 3000 potentiam
1617 2966 1699 2993 CDG
1718 2966 1821 2992 mirum
1837 2972 1924 2999 posse.
1978 2985 1980 2991 .

1404 3009 1426 3024 ¹⁰
1446 3012 1494 3036 Pro
1508 3010 1548 3043 hi,
1563 3011 1635 3044 quod
1655 3013 1674 3036 Α
1694 3011 1803 3041 omittit,
1823 3010 1934 3042 Vulgata
1948 3012 1984 3043 et,
1999 3012 2020 3036 Η
2034 3012 2060 3038 et
2078 3011 2113 3037 hi.
2127 3025 2162 3031 --
2176 3011 2293 3038 Subinde

1333 3056 1458 3087 allegatur
1477 3056 1546 3081 loan:
1566 3056 1612 3086 19,
1632 3056 1675 3081 35.

1404 3099 1425 3114 ¹²
1447 3101 1520 3126 Vers.
1541 3101 1564 3125 i.
1585 3103 1610 3125 et
1629 3101 1653 3125 2,
1673 3113 1709 3118 —
1734 3100 1791 3125 Duo
1819 3092 1892 3133 seqq.
1922 3100 1971 3125 loci
1998 3103 2058 3126 sunt
2082 3101 2122 3127 Ps.
2147 3101 2196 3134 77,
2216 3101 2240 3127 4.
2268 3105 2293 3128 et

1333 3144 1387 3170 Act.
1409 3143 1436 3176 4,
1456 3144 1498 3169 20.

1405 3187 1426 3202 ¹²
1448 3189 1559 3220 Vulgata
1573 3189 1608 3214 Et
1620 3190 1787 3222 royaverunt
1805 3188 1896 3223 iilum,
1909 3196 1978 3222 quae
1997 3189 2075 3215 etiam
2089 3190 2167 3221 paulo
2186 3189 2293 3216 inferius

1333 3240 1382 3265 pro
1402 3234 1431 3258 ut
1450 3232 1594 3259 discederet
1612 3231 1646 3258 ab
1665 3231 1702 3258 eis
1730 3232 1863 3258 substituit
1889 3235 1920 3260 ut
1948 3232 2093 3260 discederet
2110 3233 2144 3260 ab
2164 3233 2236 3268 apsis.
2255 3248 2291 3254 —

1334 3279 1382 3304 Pro
1401 3277 1606 3311 formidandum
1626 3277 1682 3303 Vat.
1701 3276 1901 3311 formidabant,
1921 3277 2000 3311 unde.

1405 3321 1427 3336 ¹⁸
1447 3323 1522 3348 Vers.
1543 3322 1584 3347 ⁴4.
1599 3336 1632 3340 —
1645 3322 1759 3353 Hieron„
1779 3323 1795 3348 Ι.
1808 3321 1953 3348 Comment.
1967 3323 1994 3348 in
2008 3323 2095 3349 Matth.
2108 3323 2139 3355 8,
2153 3323 2200 3349 34:
2214 3323 2289 3356 Quod

1333 3370 1442 3400 rogant,
1466 3370 1494 3393 ut
1519 3369 1632 3392 transeat
1655 3374 1670 3392 a
1695 3366 1792 3392 finibus
1816 3373 1923 3398 eorum,
1948 3374 2001 3393 non
2030 3367 2064 3393 de
2092 3367 2218 3400 superbia
2242 3369 2291 3394 noc

1334 3412 1443 3444 faciunt,
1463 3415 1492 3437 ut
1518 3411 1633 3437 nonnulli
1662 3410 1833 3442 arbitrantur,
1861 3411 1909 3437 sed
1932 3411 1966 3437 de
1994 3411 2154 3444 humilitate,
2182 3418 2235 3445 qua
2262 3418 2291 3437 se
