2476 3921
162 901 231 927 Quare
245 900 297 921 Pha·

154 928 219 957 risaei
229 929 299 948 tacue-

203 956 253 975 rint.

202 1957 289 1978 Divisio.

159 2383 289 2405 Subdirisio.

147 2525 246 2551 Quaestio
259 2530 291 2546 61·-

161 2557 224 2572 ronea
240 2556 278 2578 per

156 2580 245 2604 quatuor
260 2578 296 2599 de-

183 2604 269 2631 scripta.

314 275 376 307 512

313 363 376 396 Deo
392 365 428 395 »i
452 361 536 395 Unde
560 361 612 394 lob
636 370 738 393 nono:
769 373 785 389 «ι
801 360 830 393 Si
848 363 976 402 repente
992 360 1182 402 interroget,
1200 359 1272 401 quis

313 415 513 458 respondebit
535 415 591 447 ei?
621 414 681 447 Aut
712 414 783 456 quis
814 417 916 455 potest
939 413 966 446 ei
991 413 1116 446 dicere:
1141 412 1204 445 Cur
1228 412 1272 444 ita

312 470 387 502 facis
403 472 441 501 »⁶2
463 487 508 492 -—
531 468 567 500 Et
590 467 659 500 ideo
682 467 737 510 qui
760 476 833 500 cum
856 467 981 499 Christo
1004 465 1197 499 contendunt
1216 474 1271 497 ne-

312 522 447 555 cessario
470 520 723 559 confunduntur3
748 522 877 562 propter
900 519 985 561 quod
1008 518 1131 551 subdit:
1150 518 1191 550 Et
1209 517 1271 550 mi-

313 575 383 608 rati
412 575 448 607 in
483 583 637 616 responso
668 573 739 605 eius
776 577 970 611 tacuerunt,
1008 581 1064 614 per
1095 571 1270 604 evidentem

313 628 542 667 confusionem3
560 627 643 660 unde
659 626 767 660 Glossa
780 628 808 658 ¹:
828 639 843 655 ε(
856 626 915 667 Qui
940 625 1070 659 credere
1092 625 1272 657 debuerunt

312 682 416 714 mirati
433 684 524 719 sunt,
541 679 625 722 quod
642 689 703 712 non
721 679 838 712 habent
855 679 959 712 locum
976 677 1115 711 tentandi
1133 690 1162 709 ».
1185 676 1271 710 Unde

312 726 553 776 Chrysostomus
566 733 596 765 ²:
618 745 634 762 α
651 732 765 766 Malitia
780 732 983 765 confunditur
999 730 1184 773 aliquando,
1201 739 1272 763 cor-

313 787 427 830 rigitur
439 789 544 819 autem
562 794 744 828 nunquam3
763 785 844 818 sicut
856 785 911 827 qui
924 784 991 817 vult
1008 783 1155 817 claudere
1170 791 1272 825 aquae

313 840 470 874 currentis
494 842 649 878 meatum,
673 838 799 871 aliunde
830 838 971 871 semitam
1005 836 1142 878 rumpit,
1166 836 1210 868 ita
1240 838 1272 868 et

313 893 429 926 malitia
444 906 475 925 1».
500 892 585 925 Unde
609 901 670 925 non
694 891 838 924 tacebant
853 900 895 923 ex
910 890 1110 933 prudentia,
1127 889 1209 922 sicut
1224 889 1272 922 di-

313 947 395 980 citur
427 945 629 979 Ecclesiastici
661 944 859 987 vigesimo³z
888 957 903 972 «
921 944 972 976 Est
1004 947 1109 976 tacens
1140 942 1194 985 qui
1223 942 1271 974 in-

313 1000 437 1033 venitur
460 999 583 1041 sapiens
598 1012 629 1030 ».
660 1011 675 1027 «
692 998 788 1030 Homo
812 997 936 1039 sapiens
968 996 1082 1029 tacebit
1105 1004 1209 1038 usque
1232 995 1272 1028 ad

313 1056 436 1094 tempus
451 1066 482 1084 n.
507 1052 567 1084 Nec
590 1060 632 1083 ex
656 1050 857 1088 reverentia,
883 1049 964 1082 sicut
987 1049 1057 1088 ille,
1081 1048 1119 1081 de
1136 1057 1200 1090 quo
1216 1048 1272 1081 Ec-

310 1104 472 1137 clesiastici
504 1103 664 1145 trigesimo
688 1102 846 1135 secundo:
876 1114 892 1129 «
908 1101 986 1133 Audi
1011 1104 1134 1140 tacens,
1158 1104 1190 1133 et
1213 1109 1272 1142 pro

310 1156 486 1190 reverentia
507 1155 633 1189 accedet
656 1155 712 1187 tibi
736 1155 818 1187 bona
841 1154 941 1196 gratia
957 1167 987 1186 ».
1010 1153 1071 1186 Nec
1087 1162 1129 1186 ex
1142 1153 1272 1195 patien-

310 1210 375 1248 tia,
400 1209 482 1242 sicut
504 1208 556 1241 ille
580 1208 674 1241 Isaiae
698 1207 939 1250 quadragesimo
967 1206 1148 1239 secundo4:
1181 1219 1196 1235 (ι
1212 1206 1270 1238 Ta-

310 1263 378 1302 cui,
403 1270 526 1304 semper
550 1261 640 1299 siIui,
664 1260 785 1302 patiens
808 1260 853 1292 fui
870 1273 900 1291 ».
918 1259 979 1292 Nec
995 1268 1037 1292 ex
1050 1268 1134 1301 pace
1149 1258 1271 1291 intrin-

308 1325 407 1354 seca;
430 1315 630 1347 Threnorum
654 1314 767 1346 tertio:
798 1312 955 1345 «Sedebit
978 1312 1139 1345 solitarius
1161 1316 1193 1345 et
1224 1315 1270 1345 ta-

309 1368 391 1401 cebit
405 1381 436 1400 n.
462 1367 520 1400 Sed
543 1376 585 1400 ex
609 1365 802 1409 confusione
825 1369 962 1408 aperta,
988 1366 1071 1398 sicut
1086 1365 1148 1404 illi,
1165 1374 1184 1398 a
1199 1365 1270 1407 qui-

310 1421 369 1454 bus
403 1420 555 1453 Dominus
593 1420 747 1462 quaesivit
785 1419 879 1452 Marci
915 1418 1062 1452 terti05:
1098 1431 1113 1447 «
1135 1418 1165 1451 Si
1198 1418 1270 1451 licet

311 1473 451 1506 Sabbatis
469 1473 553 1517 bene
576 1472 694 1511 facere,
726 1481 766 1504 an
789 1472 888 1511 male;
912 1471 1048 1504 animam
1079 1471 1196 1504 salvam
1224 1471 1269 1504 fa-

310 1535 399 1565 cere,
416 1535 454 1558 an
473 1526 629 1568 perdere?
653 1526 689 1558 At
705 1526 747 1558 illi
773 1525 918 1558 iacebant
934 1537 968 1564 »3
993 1529 1024 1558 et
1040 1525 1133 1567 primi
1150 1525 1269 1567 Regum

310 1579 463 1612 secundo:
494 1592 510 1608 «
526 1579 614 1621 lmpii
639 1579 670 1611 in
688 1578 825 1612 tenebris
849 1578 1090 1617 conticescent»
1119 1580 1177 1610 etc.

324 1693 473 1721 Consultatio
493 1693 696 1720 Sadducaeorum
716 1693 860 1720 errantium
879 1700 911 1719 ex
929 1692 1080 1726 ignorantia
1099 1692 1180 1727 quoad
1199 1692 1256 1720 dno.

400 1791 452 1824 34.
470 1792 687 1823 Accesserant
704 1794 813 1823 autem
838 1790 987 1834 quidam.
1004 1790 1171 1832 Postquam
1196 1799 1270 1823 con-

310 1844 422 1877 futavit
450 1844 663 1876 infidelitatem
695 1843 868 1876 errantium
901 1852 943 1876 ex
974 1843 1110 1882 malitia,
1138 1843 1190 1876 hic
1221 1852 1269 1876 se-

310 1897 412 1930 cundo
425 1897 436 1916 ⁶
462 1897 601 1930 confutat
623 1896 886 1929 incredulitatem
902 1896 1093 1929 errantium
1116 1906 1156 1929 ex
1176 1896 1269 1939 19ηο-

309 1951 444 1989 rantia;
468 1955 498 1984 et
523 1951 617 1983 habet
640 1950 717 1983 haec
741 1959 815 1992 pars
838 1950 926 1983 duas.
945 1950 977 1982 In
1001 1950 1105 1992 prima
1128 1950 1270 1984 confutat

309 2013 449 2037 errorem
466 2004 549 2037 circa
565 2004 859 2042 resurrectionem;
875 2004 906 2036 in
924 2003 1062 2037 secunda
1077 2012 1168 2043 vero,
1185 2003 1269 2037 circa

309 2057 590 2096 incarnationem,
615 2056 701 2090 ibi'1:
727 2057 821 2089 Discit
844 2061 956 2089 autem
980 2057 1026 2089 ad
1050 2056 1132 2089 illos.

385 2172 470 2199 Primo
489 2171 641 2199 confutatur
660 2179 730 2199 error
749 2171 820 2199 circa.
837 2171 1050 2199 resurrectionem
1069 2179 1113 2207 per
1132 2171 1190 2199 dno.

404 2270 437 2302 In
468 2269 672 2303 describendo
702 2272 808 2303 autem
843 2268 1104 2313 confutationem
1138 2270 1268 2302 erroris

311 2322 584 2356 Sadducaeorum
600 2323 639 2355 de
661 2322 760 2365 finali
773 2323 1014 2356 resurrectione
1038 2323 1179 2366 procedit
1207 2323 1268 2356 hoc

309 2375 437 2409 ordine:
462 2376 565 2418 primo
588 2385 723 2418 namque
740 2376 912 2418 praemittit
934 2376 1157 2419 quaestionem
1175 2386 1268 2409 erro-

309 2438 425 2467 neam;
457 2428 594 2461 secundo
625 2428 767 2470 adiungit
798 2429 1042 2471 responsionem
1064 2429 1267 2468 veridicam,

309 2481 395 2514 ibiss:
422 2482 460 2514 Et
484 2481 532 2514 ait
554 2481 620 2514 illis
644 2482 755 2514 Iesus:
781 2481 862 2514 Filii
884 2480 986 2514 liuius
1010 2485 1068 2515 etc.
1198 2483 1201 2485 ’

399 2534 488 2567 Circa
503 2534 724 2577 quaestionem
741 2543 914 2566 erroneam
929 2533 1177 2568 introducuntur
1193 2535 1267 2567 Sad-

310 2585 420 2619 ducaei
444 2589 480 2619 ut
508 2590 663 2629 neyantes
692 2596 828 2626 verum,
859 2589 896 2619 ut
931 2586 1107 2629 alleyantes
1134 2597 1269 2629 praece-

385 2803 394 2818 ¹
416 2804 518 2829 Scilicet
537 2803 718 2830 interlinearis
739 2803 778 2836 (ex
799 2804 881 2837 Beda,
901 2804 947 2837 qui
967 2805 1084 2838 sequitur
1097 2806 1214 2837 Hieron„
1234 2807 1271 2832 lll.

317 2848 463 2874 Comment.
483 2848 508 2873 in
527 2848 612 2874 Matth.
633 2849 680 2880 22,
700 2848 767 2882 22.),
787 2848 813 2874 111
826 2855 878 2881 qua
898 2855 947 2881 pro
960 2848 1109 2875 debuerunt
1128 2853 1212 2876 textus
1225 2850 1273 2876 ori-

313 2892 411 2922 ginalis
428 2891 583 2919 debuerant.

388 2935 398 2951 ²
417 2937 510 2962 Homil.
531 2936 572 2963 42.
597 2936 625 2962 111
649 2937 734 2963 Matth.
755 2938 801 2969 22,
823 2938 865 2963 15.
893 2937 918 2963 111
943 2937 1073 2970 principio
1099 2937 1159 2971 (Op.
1177 2938 1273 2971 imper-

315 2981 395 3014 fect).
416 2981 512 3006 Tcxtus
531 2980 664 3013 originalis
683 2984 742 3013 post
760 2988 902 3015 nunquam
921 2982 995 3014 plura
1015 2982 1088 3008 addit
1106 2985 1131 3008 et
1152 2983 1271 3008 ultimam

313 3025 519 3057 propositionem
540 3025 577 3051 sic
596 3025 712 3051 exhibet:
733 3026 979 3059 Quemadmodum,
998 3027 1019 3053 si
1039 3027 1133 3060 aliquis
1151 3027 1273 3053 claudere

312 3070 424 3095 voluerit
443 3076 527 3102 aquae
547 3070 673 3095 currentis
692 3073 822 3101 meatum,
842 3070 863 3096 si
883 3077 934 3096 una
953 3077 983 3097 ex
1003 3074 1077 3103 parte
1101 3072 1205 3097 exclusa
1220 3072 1272 3098 fue-

312 3113 346 3142 rit
363 3121 445 3146 aqua,
464 3114 584 3139 violentia
604 3114 708 3140 aliunde
726 3114 777 3140 sibi
795 3115 914 3140 semitam
939 3115 1053 3148 rumpit;
1072 3116 1110 3142 sic
1128 3119 1154 3142 et
1177 3123 1270 3142 eorum

313 3158 460 3190 malignitas
478 3165 508 3184 ex
522 3165 574 3184 una
593 3161 667 3191 parte
680 3160 801 3190 confusa,
821 3159 926 3185 aliunde
944 3159 994 3186 sibi
1007 3160 1107 3186 aditum
1127 3160 1271 3186 adinvenit.

385 3202 396 3217 ⁸
416 3203 490 3229 Vers.
511 3203 537 3237 5.
555 3206 581 3229 et
599 3203 630 3234 7;
649 3203 746 3229 deinde
765 3204 813 3235 32,
833 3204 858 3230 9.

385 3246 396 3261 ⁴
415 3247 490 3273 Vers.
511 3247 553 3273 14.
572 3261 606 3266 -—
625 3247 748 3280 Sequitur
768 3248 865 3274 Thren.
885 3249 914 3281 3,
933 3249 976 3275 28.

384 3289 395 3304 ⁶
413 3290 487 3316 Vers.
508 3290 534 3321 4,
552 3291 592 3316 cui
612 3290 774 3317 subnectitur
790 3292 808 3318 l.
826 3293 892 3324 Reg.
911 3293 940 3324 2,
960 3293 984 3318 9.

384 3333 395 3348 ‘³
413 3334 465 3361 Cir.
485 3341 565 3366 supra
583 3342 610 3361 n.
629 3335 653 3361 1.

385 3377 395 3392 ⁷
414 3379 488 3404 Vers.
509 3379 551 3405 41.

385 3421 396 3436 ⁸
415 3423 490 3448 Vers.
509 3423 551 3449 34.

896 271 1089 304 COMMENT.
1115 271 1151 304 lN
1176 270 1414 303 EVANGELIUM
1438 269 1556 302 LUCAE
1580 268 1611 301 C.
1636 268 1699 301 XX.

1331 362 1447 401 ptum,
1464 360 1501 390 ut
1520 360 1739 399 proponentes
1762 365 1898 394 casum,
1914 358 1951 388 ut
1967 355 2208 398 interroyantes
2231 355 2293 388 du·-

1336 411 1446 450 bium,
1470 420 1527 452 per
1550 410 1635 452 quod
1663 409 1953 452 praecipitabantur
1976 408 2008 441 in
2037 417 2178 442 errorem
2204 417 2295 451 prae-

1334 463 1470 497 dictum..
2074 470 2077 472 ·

1425 516 1476 549 35.
1502 516 1603 556 (Vers.
1621 516 1699 556 27.).
1718 514 1828 547 Ῥ111110
1848 514 1946 556 igitur
1969 517 2125 556 quantum
2141 513 2180 547 ad
2203 523 2295 547 erro-

1334 579 1405 602 rem
1430 569 1704 602 Sadducaeorum
1720 568 1913 610 neyantium
1929 577 2046 600 verum
2069 567 2160 600 dicit:
2179 568 2294 600 Acces-

1334 626 1450 655 serunt
1473 626 1583 654 autem
1604 621 1744 665 quidam
1767 621 2060 660 Sadducaeorum,
2084 621 2144 665 qui
2156 624 2294 664 neyant,

1334 684 1402 707 esse
1424 674 1714 713 resurrectionem,
1735 677 1766 707 et
1789 683 1846 716 per
1869 682 2065 715 consequens
2091 673 2297 707 destruebant

1334 728 1573 761 fundamentum
1594 727 1717 760 divinae
1737 727 1890 760 culturae.
1908 726 1995 759 Unde
2011 726 2255 768 Chrysostomus
2267 727 2294 759 ⁹:

1340 793 1356 809 α
1372 781 1404 813 111
1428 780 1513 813 0111111
1531 789 1565 814 16
1585 784 1640 813 aut
1664 784 1737 813 actu
1753 779 1862 822 agendi
1888 779 1990 812 virtus
2006 788 2078 821 spes
2100 782 2148 812 est
2164 779 2295 822 praemii

1334 833 1445 866 futuri.
1470 833 1529 876 Qui
1553 833 1637 866 enirn
1653 836 1722 866 arat
1745 836 1827 872 arat,
1852 835 1889 865 ut
1911 835 2025 872 metat;
2050 835 2082 865 et
2105 832 2160 875 qui
2176 836 2297 875 pugnat

1335 890 1469 929 pugnat,
1494 891 1529 919 ut
1553 887 1703 920 vincat».
1723 887 1758 919 Et
1780 890 1867 928 post:
1897 899 1913 915 α
1929 886 2015 919 Tolle
2035 894 2111 928 ergo
2134 891 2222 928 spem
2245 895 2296 926 re-

1312 934 1313 937 ’
1335 940 1555 979 surrectionis,
1572 943 1604 972 et
1627 940 1729 973 soluta
1745 943 1793 972 est
1816 942 1880 972 tota
1895 939 2095 972 observantia
2117 939 2242 981 pietatis
2257 952 2293 980 »3

1335 993 1455 1034 primae
1471 993 1510 1026 ad
1526 993 1704 1026 Corinthios
1720 992 1840 1026 decimo
1856 992 1968 1035 quinto
1981 992 2020 1024 ¹⁰:
2044 1005 2060 1022 «
2075 993 2156 1034 Quid
2178 992 2294 1027 facient

1335 1045 1389 1088 qui
1415 1045 1615 1087 baptizantur
1639 1055 1696 1088 pro
1720 1046 1869 1085 mortuis,
1894 1046 1919 1078 si
1939 1045 2066 1078 omnino
2091 1046 2207 1079 mortui
2232 1054 2305 1080 non‘

1335 1101 1529 1140 resurgunt?
1546 1098 1584 1131 Ut
1607 1098 1683 1140 quid
1699 1102 1731 1131 et
1753 1098 1954 1140 baptizantur
1974 1108 2032 1141 pro
2055 1099 2140 1132 illis?
2163 1099 2203 1133 Ut
2218 1099 2296 1142 quid

1335 1154 1366 1184 et
1397 1160 1454 1184 nos
1484 1151 1701 1193 periclitamur
1732 1152 1816 1184 omni
1848 1152 1928 1185 hora
1951 1155 1991 1184 n?
2023 1152 2295 1187 Resurrectionem

1335 1207 1440 1238 autem
1472 1205 1627 1247 negabant
1655 1205 1824 1239 Sadducaei
1856 1208 1924 1239 tum
1955 1209 2085 1248 propter
2119 1206 2295 1241 animarum

1334 1258 1572 1298 mortalitatem,
1590 1268 1684 1301 quam
1702 1258 1886 1298 credebant;
1902 1259 1987 1293 unde
2003 1259 2111 1293 Glossa
2123 1261 2165 1292 ¹¹:
2190 1273 2206 1289 α
2222 1259 2297 1293 Sad-

1334 1311 1443 1344 ducaei
1475 1311 1663 1351 credebant,
1686 1311 1808 1345 animas
1839 1312 1969 1346 interire
2001 1321 2073 1346 cum
2106 1311 2239 1355 corpore
2259 1325 2295 1353 »ς

2313 521 2431 545 Sadducaei

2313 550 2391 575 negant
2403 555 2437 572 vo-

2342 580 2396 597 rum.

2315 680 2443 704 Notandum.

1334 1367 1402 1397 tum
1426 1364 1520 1397 etiam
1543 1367 1673 1406 propter
1689 1374 1859 1407 corporum
1876 1366 2182 1408 irreparabilitatem.
2200 1385 2241 1400 ,-
2259 1366 2297 1400 Ε1
2310 1372 2409 1394 Rationes
2420 1378 2458 1404 im>

1335 1427 1392 1459 pro
1416 1417 1461 1450 eis
1476 1417 1602 1450 videtur
1618 1426 1686 1451 esse
1702 1418 1787 1460 quod
1803 1418 1919 1452 dicitur
1935 1419 1967 1452 in
1992 1419 2114 1453 Psalmo
2124 1419 2166 1452 ¹2:
2190 1433 2206 1449 α
2222 1420 2296 1453 Exi-

1333 1470 1379 1503 bit
1402 1470 1533 1512 spiritus
1556 1471 1625 1504 eius
1640 1474 1671 1503 et
1688 1474 1868 1505 revertetur
1890 1472 1923 1504 in
1946 1474 2066 1505 terram
2082 1481 2171 1505 suam
2184 1485 2200 1503 »
2221 1476 2295 1512 etc.;

1315 1555 1317 1562 ,
1333 1524 1423 1557 item:
1446 1536 1462 1554 «
1474 1524 1624 1566 Sepulcra
1636 1533 1748 1558 eorum
1764 1524 1877 1558 domus
1892 1525 2019 1558 illorum
2037 1525 2069 1558 in
2082 1528 2247 1560 aeternum
2259 1539 2295 1566 »;

1333 1580 1364 1610 61
1389 1577 1442 1610 lob
1464 1577 1587 1610 decimo
1602 1581 1734 1620 quarto:
1764 1591 1780 1607 α
1797 1578 1908 1617 Homo,-
1932 1587 2005 1611 cum
2028 1578 2207 1619 dormierit,
2232 1589 2295 1613 non

1334 1632 1494 1672 resurget,
1517 1629 1617 1663 donec
1639 1633 1796 1663 atteratur
1820 1631 1942 1664 caelum
1959 1645 1975 1661 ι)
2001 1634 2059 1664 616.
2077 1631 2136 1665 Sed
2156 1631 2209 1665 hic
2231 1641 2294 1666 non

1333 1683 1456 1722 dicunt,
1481 1683 1746 1716 resurrectionem
1775 1693 1837 1716 non
1868 1693 1936 1717 6556
1965 1684 2124 1724 futuram,
2155 1685 2209 1718 sed
2241 1694 2296 1727 po-

1334 1736 1397 1769 tius
1412 1745 1516 1778 usque
1531 1736 1570 1769 ad
1593 1736 1688 1769 finem
1706 1736 1812 1769 iudicii
1828 1736 2042 1770 differendam.
2057 1756 2098 1762 —
2115 1738 2193 1771 Nam
2209 1738 2295 1781 quod

1333 1789 1477 1831 spiritus
1500 1789 1563 1822 sint
1585 1789 1798 1829 immortales,
1822 1790 1883 1823 1106
1906 1790 2020 1832 probat
2042 1790 2185 1832 ipsorum
2201 1790 2295 1824 intel-

1335 1842 1450 1881 lectus,
1475 1842 1641 1885 appetitus
1668 1845 1699 1875 et
1722 1846 1818 1875 actus
1840 1843 2013 1876 virtuosus
2029 1843 2078 1881 15;
2101 1843 2186 1886 quod
2217 1852 2293 1877 vero

1334 1904 1479 1938 corpora
1509 1898 1716 1938 reparentur,
1753 1896 1813 1929 hoc
1851 1895 2028 1929 manifestat
2066 1897 2161 1930 simul
2191 1896 2296 1930 divina

1333 1948 1480 1987 iustitia,
1504 1948 1610 1981 divina
1641 1948 1811 1982 clementia
1841 1952 1873 1982 et
1894 1948 2000 1982 divina
2026 1948 2182 1991 potentia.
2207 1948 2295 1983 Unde

1333 2005 1443 2035 contra
1474 2002 1551 2035 tales
1585 2002 1701 2036 dicitur
1733 2002 1854 2045 primae
1887 2002 1927 2035 ad
1961 2002 2141 2036 Corinthios
2174 2003 2296 2036 decimo

1333 2056 1445 2099 quinto
1458 2056 1503 2088 14:
1534 2069 1550 2085 «
1570 2056 1629 2089 Sed
1652 2056 1735 2089 dicet
1764 2056 1895 2099 aliquis:
1931 2056 2094 2098 Quomodo
2125 2060 2295 2100 resurgent

1332 2109 1477 2142 mortui?
1508 2109 1568 2142 Aut
1591 2109 1675 2152 quali
1708 2118 1841 2152 corpore
1875 2109 2028 2143 venient?
2059 2109 2211 2152 Insipiens
2241 2113 2294 2149 tu,

1332 2162 1417 2205 quod
1446 2162 1582 2196 seminas
1610 2172 1673 2196 non
1703 2163 1898 2203 vivificatur,
1922 2162 1981 2196 nisi
2013 2163 2105 2206 prius
2127 2163 2293 2197 moriatur.

1332 2215 1369 2248 Et
1392 2214 1477 2258 quod
1508 2216 1658 2255 seminas,
1687 2225 1750 2249 non
1767 2225 1911 2259 corpus,
1936 2216 2020 2259 quod
2052 2216 2196 2250 futurum
2229 2219 2294 2257 est,

2312 1399 2448 1422 sadducaeis.

2314 1744 2399 1766 Contra.

1333 2269 1482 2308 seminas,
1507 2269 1561 2302 sed
1585 2269 1706 2302 nudum
1728 2278 1878 2312 granum,
1902 2273 2017 2312 utputa
2032 2270 2144 2309 tritici,
2167 2272 2224 2304 aut
2239 2270 2294 2303 ali·
2340 2273 2344 2275 ’

1333 2322 1425 2355 6111115
1449 2325 1644 2355 661610111111.
1677 2323 1761 2356 Deus
1785 2322 1867 2356 enim
1899 2323 1952 2356 dat
1975 2323 2019 2356 1111
2051 2332 2181 2366 corpus,
2214 2323 2296 2357 sicut

1332 2376 1402 2409 vult
1424 2378 1456 2408 et
1486 2375 1659 2418 unicuique
1683 2376 1840 2409 seminum
1864 2375 2031 2418 proprium
2055 2385 2171 2420 corpus
2194 2388 2230 2416 »3
2262 2379 2294 2410 et

1332 2432 1403 2471 post
1418 2429 1465 2462 ¹⁶:
1495 2442 1511 2458 (τ
1531 2428 1683 2471 Oportet,
1715 2429 1921 2471 corruptibile
1944 2429 2005 2463 1106
2027 2429 2160 2463 induere
2190 2429 2295 2463 incor-

1333 2482 1528 2524 ruptionem,
1544 2485 1576 2515 et
1601 2482 1733 2515 mortale
1756 2482 1816 2515 hoc
1832 2482 1964 2515 induere
1984 2482 2294 2516 immortalitatem».
2342 2507 2352 2512 -

1390 2560 1395 2562 >
1423 2535 1475 2568 36.
1500 2535 1602 2576 (Vers.
1620 2536 1673 2568 27.
1692 2535 1769 2577 28.).
1789 2535 1932 2569 Secundo
1948 2539 2102 2579 quantum
2123 2536 2163 2569 ad
2185 2535 2295 2580 inqui-

1332 2588 1483 2621 sitionem
1518 2588 1795 2622 Sadducaeorum
1829 2588 2048 2632 allegantium
2078 2594 2294 2632 praeceptum

1406 2806 1417 2821 ⁹
1435 2808 1512 2833 Hom.
1532 2807 1573 2833 42.
1593 2807 1620 2833 in
1639 2808 1725 2833 Matth.
1745 2808 1794 2840 22,
1814 2808 1857 2834 23.
1877 2808 1938 2841 (Op.
1958 2808 2128 2842 imperfect),
2151 2808 2197 2835 ubi
2216 2808 2294 2835 etiam

1335 2852 1414 2877 altera
1433 2851 1545 2878 liabetur
1568 2853 1703 2878 sententia.
1722 2853 1748 2878 In
1777 2853 1858 2885 priori
1883 2853 2008 2879 sententia
2034 2853 2149 2880 CDGH
2173 2854 2296 2881 omittunt

1332 2894 1459 2928 praemii.

1408 2939 1431 2954 ¹⁰
1451 2940 1524 2965 Vers.
1544 2940 1587 2966 29.
1606 2943 1632 2966 61
1651 2941 1693 2967 30.

1406 2983 1427 2998 ¹¹
1448 2984 1549 3010 Scilicet
1566 2983 1749 3011 interlinearis
1769 2984 1810 3018 (ex
1824 2985 1907 3019 Beda,
1920 2986 1966 3019 qui
1983 2986 2102 3019 sequitur
2120 2987 2238 3019 Hieron,
2257 2987 2296 3014 ill.

1334 3027 1361 3053 in
1380 3027 1467 3054 Matth.
1487 3028 1533 3059 22,
1554 3027 1619 3059 230:
1639 3029 1818 3055 Accesserunt
1828 3030 1932 3061 autem,
1952 3032 1981 3056 ut
1999 3030 2041 3056 vel
2054 3037 2101 3062 per
2120 3031 2293 3065 frequentium

1335 3072 1484 3103 vincerent,
1497 3071 1608 3106 quidam
1620 3071 1857 3106 Sadducaeorum,
1877 3073 1922 3106 qui
1937 3073 2140 3106 interpretantur
2159 3075 2232 3107 insti,
2248 3075 2296 3110 qui

1334 3117 1449 3149 necant,
1467 3122 1523 3142 esse
1541 3115 1783 3149 resurrectionem,
1809 3117 1940 3143 Pharisaei
1964 3116 2106 3143 credebant
2125 3118 2243 3151 corporis
2268 3121 2294 3145 et

1334 3159 1438 3185 animae
1456 3160 1689 3193 resurrectionem,
1709 3161 1857 3187 Sadducaei
1876 3164 1901 3187 et
1920 3161 2022 3187 animas
2036 3161 2142 3188 interire
2161 3168 2222 3189 cum
2236 3169 2294 3189 cor-

1334 3210 1407 3236 pore.
1426 3217 1462 3223 —-
1481 3204 1608 3236 Superius
1626 3211 1674 3236 pro
1692 3204 1887 3232 mortalitatem
1906 3205 1956 3232 AC
1967 3206 1988 3232 D
2006 3207 2132 3233 mortem.-

1406 3246 1428 3262 ¹²
1447 3248 1541 3274 Psalm.
1561 3247 1627 3279 145,
1647 3248 1674 3281 4,
1694 3252 1754 3281 post
1772 3256 1851 3282 quem
1871 3249 1912 3275 Ps.
1933 3249 1980 3281 ⁴8,
2002 3250 2045 3275 12.
2063 3248 2089 3277 et
2109 3250 2152 3278 lob
2181 3250 2292 3282 14,12.

1406 3290 1429 3306 ¹³
1447 3291 1500 3318 Cir.
1520 3292 1547 3317 ΙΙ.
1566 3293 1637 3318 Sent.
1656 3292 1682 3318 d.
1705 3293 1745 3318 19.
1763 3299 1787 3318 a.
1808 3293 1831 3319 1.
1851 3300 1878 3326 q.
1899 3293 1923 3319 1.
1935 3296 1962 3320 et
1974 3294 2104 3328 Breviloq.
2124 3301 2153 3327 p.
2176 3295 2203 3321 ll.
2222 3301 2245 3322 c.
2264 3295 2290 3321 9.

1335 3335 1372 3362 De
1390 3336 1579 3362 resurrectione
1598 3343 1740 3369 corporum
1760 3338 1806 3363 cfr.
1826 3337 1868 3363 lV.
1888 3332 1959 3364 Seni..
1978 3338 2003 3364 d.
2025 3337 2069 3365 43.
2086 3345 2109 3365 a.
2131 3339 2155 3365 1.
2174 3346 2200 3373 q.
2218 3339 2244 3366 1.
2267 3342 2296 3370 et

1336 3379 1364 3413 4;
1383 3380 1513 3413 Breviloq.
1533 3387 1559 3413 p.
1580 3381 1630 3407 Vll.
1650 3388 1674 3408 c.
1692 3381 1717 3407 5.

1406 3424 1429 3440 ¹⁴
1447 3425 1523 3451 Vers.
1539 3425 1630 3453 35-38.
2114 3427 2136 3443 ¹⁶
2154 3428 2230 3455 Vers.
2249 3427 2291 3454 53.

2336 2542 2438 2568 Aiiegant

2313 2571 2456 2597 praecepium.
