2476 3921
16 475 48 499 'Do
61 476 140 507 miseri-

18 503 71 526 )rdia
78 509 142 533 1111101-

14 532 70 552 »101110
88 529 142 550 indi-

17 563 61 579 cum
75 556 125 577 duo.

23 741 139 772 Clementia

43 771 116 796 patna.

7 954 68 985 :xi-:itia
78 959 138 981 prae-

7 1006 8 1009 *
22 986 114 1003 veniens.

4 1486 73 1508 Gratia
87 1492 137 1508 con—

12 1515 121 1535 comitans.

0 2284 68 2305 Gratia
82 2284 131 2305 snb-

13 2316 110 2338 sequens.

755 218 949 252 COMMENT.
974 219 1012 252 ΙΝ
1037 218 1275 252 EVANGELIUM
1300 220 1417 253 LUCAE
1441 221 1473 253 C.
1498 221 1560 254 XV.

160 308 278 342 donum
303 307 536 341 misericordiae
556 310 722 350 paternae,
746 307 831 350 quod
856 308 958 350 primo
980 307 1122 350 suscipi-

160 367 217 394 tur
239 362 278 394 ad
302 361 525 404 benignitatem
548 361 684 403 gratiae;
705 361 843 394 secundo
865 361 1005 393 vescitur
1029 361 1122 394 vesti-

160 418 266 449 mento
289 415 443 454 iustitiae;
468 414 561 448 tertio
584 413 736 456 relicitur
755 414 909 447 suavitate
933 414 1068 447 laetitiae
1091 417 1122 447 et

160 468 363 502 iucunditatis
386 468 538 501 internae.
556 485 598 492 —
620 467 709 500 Circa
732 467 1001 500 misericordiam
1025 467 1122 510 igitur

159 522 389 565 suscipientem
413 521 590 565 indiynum
618 521 682 554 duo
713 512 979 559 introducuntur,
1004 521 1122 555 scilicet

159 576 329 610 clementia
348 576 462 618 patris
484 575 696 617 suscipientis
716 579 748 608 et
771 575 954 608 reverentia
969 576 979 595 ¹
1001 575 1067 618 filii
1088 585 1122 608 se

159 629 271 672 ipsvm
290 629 492 662 accusantis.

248 682 300 715 34.
319 682 422 715 Primo
438 681 535 724 igitur
558 684 712 724 quantum
730 681 767 714 ad
791 681 996 715 clementiam
1010 682 1122 725 patris

157 735 368 778 suscipientis
394 735 490 768 dicit:
517 735 601 768 Cum
628 739 739 768 autern
768 734 879 768 adhuc
906 735 1000 778 lonye
1021 740 1120 776 esset,

158 791 288 831 propter
304 788 428 831 culpam
445 797 464 820 a
479 788 544 821 Deo
559 788 770 830 elongantem
787 788 967 821 Psaimus2:
990 802 1006 817 a
1019 789 1121 831 Longe

158 851 176 874 a
195 841 296 874 salute
319 850 389 874 mea
412 840 509 874 verba
528 840 715 873 delictorum
732 850 876 874 meorum
890 853 921 880 »ς
943 844 974 874 01
991 851 1120 875 rursus:

162 908 178 924 «
191 895 329 937 Longea
347 894 566 937 peccatoribus
585 894 685 934 salus,
706 893 782 937 quia
797 894 1033 928 iustificationes
1051 899 1121 929 tuas

156 958 218 982 non
235 948 453 982 custodierunt
465 961 480 977 »
490 974 496 980 .
507 966 550 972 —-
565 947 652 980 Vidit
667 947 762 980 illum
776 952 874 990 patei·
889 948 998 991 ipsius
1014 954 1044 981 et
1058 949 1120 982 mi-

156 1001 341 1035 sericordia
364 1006 474 1034 motus
496 1005 561 1040 est,
586 1001 779 1034 infundendo
800 1002 954 1044 qratiam
980 1012 1120 1045 praeve—

156 1055 312 1094 nientem,
335 1054 375 1087 de
397 1064 462 1097 quo
486 1057 632 1096 respectu
656 1054 738 1087 inira
761 1055 912 1097 vigesimo
936 1055 1118 1089 secundo-‘³1

161 1121 177 1137 «
193 1107 342 1150 Respexit
370 1107 522 1141 Dominus
551 1107 678 1140 Petrum
696 1120 730 1147 »;
761 1121 776 1137 «ι
798 1110 830 1141 01
857 1117 1005 1151 egressus
1036 1109 1120 1143 foras

155 1162 267 1195 Petrus
290 1161 376 1195 flevit
392 1170 499 1194 amare
516 1175 546 1194 n.
573 1161 608 1194 Et
623 1161 662 1194 de
683 1162 742 1194 boc
761 1161 857 1195 Exodi
883 1163 990 1195 tertio:
1017 1176 1032 1191 α
1049 1163 1118 1196 Vidi

154 1215 355 1248 afflictionem
379 1215 486 1257 populi
513 1215 592 1254 mei,
621 1215 675 1257 qui
701 1218 748 1248 est
771 1215 802 1248 in
826 1216 978 1258 Aegypto,
1003 1220 1035 1249 et
1065 1217 1119 1250 de-

155 1268 276 1307 scendi,
301 1271 337 1301 111
360 1268 492 1301 liberem
516 1277 590 1301 eum
612 1282 642 1300 ».
668 1269 756 1301 Hunc
785 1273 964 1311 respectum
993 1270 1119 1312 petebat

154 1322 324 1364 Propheta,
348 1331 421 1355 cum
445 1321 610 1355 dicebat⁴:
641 1336 656 1352 (ι
673 1322 749 1356 Vide
774 1323 984 1357 humilitatem
1017 1333 1117 1357 meam

154 1378 186 1409 et
209 1375 349 1408 laborem
373 1384 479 1408 meum
503 1379 535 1408 et
549 1375 671 1409 dimitte
695 1376 844 1409 universa
860 1376 973 1410 delicta
995 1387 1065 1410 mea
1081 1391 1116 1417 »;

154 1432 185 1462 et
208 1438 340 1462 rursus:
370 1442 386 1457 «r
403 1428 530 1471 Respice
546 1429 577 1461 in
594 1438 644 1462 me
660 1433 692 1462 et
708 1430 859 1463 miserere
877 1431 935 1464 mei
952 1444 968 1460 n
997 1434 1055 1464 etc.
1073 1451 1119 1456 —-

155 1483 195 1515 Ec
218 1491 401 1515 accurrens
424 1482 540 1514 cecidit
562 1492 664 1525 super
687 1483 808 1516 collum
831 1484 923 1523 eius,
949 1493 1006 1526 per
1035 1494 1117 1527 yra-

155 1535 238 1568 tz'am
268 1535 558 1574 concomitantem;
587 1536 676 1578 quasi
708 1536 805 1569 dicat:
837 1537 1041 1579 amplexatus
1069 1541 1117 1571 est

153 1597 245 1628 eum,
269 1588 443 1621 secundum
468 1588 545 1621 illud
561 1589 761 1622 Canticorum
780 1590 961 1623 secund0⁵:
985 1604 1000 1620 «
1018 1592 1117 1624 Laeva

152 1641 222 1673 eius
246 1640 306 1674 sub
329 1641 430 1683 capite
454 1650 538 1680 meo,
562 1645 594 1674 et
617 1641 750 1675 dextera
773 1642 858 1676 illius
881 1643 1116 1685 amplexabitur

152 1703 202 1727 me
218 1706 254 1733 »;
278 1698 310 1727 et
333 1694 392 1727 11οο
416 1697 463 1727 031
479 1703 535 1736 per
549 1695 701 1738 qratiam
722 1696 1012 1735 concomitantem,
1034 1705 1116 1739 quae

151 1747 279 1780 adiuvat
302 1747 340 1780 ad
357 1748 547 1790 portandum
565 1748 674 1791 iugum
691 1749 816 1782 divinae
831 1749 917 1791 legis.
943 1749 1028 1783 Unde
1045 1751 1115 1782 Am-

151 1801 319 1834 brosius⁶z
346 1814 363 1830 α
380 1801 488 1844 Super
511 1801 631 1834 collum
656 1802 710 1834 tilii
735 1802 859 1841 cecidit,
884 1802 959 1835 dum
978 1803 1046 1835 leve
1066 1803 1114 1835 iu-

150 1863 225 1896 gum
249 1854 424 1887 dilectionis
443 1854 501 1887 sibi
520 1854 668 1897 imposuit
685 1868 714 1886 ».
740 1855 801 1887 Hoc
817 1855 900 1887 enim
925 1855 1044 1898 iuyum
1060 1855 1114 1888 ad—

151 1908 239 1941 iuvat
272 1908 311 1941 ad
347 1908 536 1950 portandum
567 1917 657 1941 onus.
691 1908 873 1950 Amplexus
907 1908 1004 1942 divini
1041 1909 1114 1942 bra-

150 1961 213 1994 chii
240 1965 289 1995 est
320 1962 500 1995 humanitas
523 1961 618 1994 Verbi
650 1961 825 2000 incarnati;
850 1962 934 1995 unde
958 1961 1066 1996 Glossa
1082 1963 1112 1995 ⁷:

154 2027 170 2043 α
187 2014 369 2053 Brachium,
394 2014 426 2047 id
447 2017 495 2047 est
517 2014 643 2053 Filium,
667 2014 698 2047 in
723 2014 907 2057 amplexum
924 2016 1114 2050 revertentis

150 2067 384 2107 humiliavit»;
415 2067 454 2101 de
478 2076 542 2110 quo
569 2067 699 2101 brachio
722 2068 755 2101 in
784 2068 918 2101 Psalmo:
944 2082 960 2098 «ι
977 2069 1113 2103 Salvavit

149 2120 207 2153 sibi
224 2120 356 2154 dextera
372 2121 441 2154 eius
463 2124 495 2154 et
518 2121 684 2154 brachium
708 2125 852 2155 sanctum
869 2122 939 2155 01113
954 2136 985 2154 ».
1005 2123 1040 2156 Et
1056 2132 1112 2165 per

149 2174 244 2207 istum
268 2174 459 2216 amplexum
486 2174 654 2207 solvuntur
677 2174 804 2208 vincula
819 2178 1039 2217 peccatorum,
1063 2185 1112 2209 se-

149 2226 288 2260 cundum
313 2227 391 2260 illud
407 2227 502 2261 Isaiae
526 2227 788 2270 quinquagesimo
804 2228 959 2261 secundo:
989 2242 1005 2257 α
1021 2229 1112 2262 Solve

149 2280 274 2313 vincula
297 2280 367 2313 colli
392 2280 453 2320 tui,
479 2280 601 2323 captiva
625 2280 697 2313 filia·
713 2281 784 2314 Sion
802 2295 832 2313 n.
859 2300 899 2306 —-
919 2282 958 2314 Et
981 2281 1111 2315 oscula-

150 2336 203 2365 tus
233 2337 281 2366 est
302 2342 394 2372 eum,
427 2342 484 2376 per
513 2333 664 2376 qratiam
696 2334 814 2367 scilicet
845 2334 1110 2377 subsequentem

149 2386 293 2419 osculum
319 2387 401 2420 enim
438 2387 563 2429 signum
599 2391 646 2421 est
681 2387 797 2421 amoris
831 2390 863 2421 et
891 2388 991 2430 pacis.
1024 2388 1110 2421 Unde

221 2593 229 2607 ¹
251 2594 309 2619 Vat.
328 2593 456 2620 reversio.

217 2637 229 2652 ²
248 2639 341 2664 Psalm.
365 2639 414 2670 21,
440 2640 464 2664 2.
491 2642 516 2665 et
543 2640 638 2666 deinde
663 2641 705 2666 Ps.
734 2641 795 2673 118,
824 2641 887 2673 155,
913 2641 959 2668 ubi
985 2649 1033 2674 pro
1056 2649 1111 2669 non

146 2682 333 2709 custodierunt
353 2683 462 2715 Vulgata
482 2690 537 2710 nou
555 2683 757 2718 θωπείαν-111,-
777 2686 822 2711 cfr.
842 2693 867 2711 v.
889 2687 948 2712 158.

218 2725 229 2740 ³
250 2727 324 2753 Vers.
342 2728 385 2753 61.
405 2731 431 2753 et
449 2728 492 2753 62.
512 2728 561 2754 Pro
579 2731 603 2755 et
622 2735 746 2762 eqressus
764 2729 841 2763 foras
854 2730 951 2757 Petrus
972 2731 1020 2763 (ita
1042 2730 1109 2763 vat.)

146 2771 224 2796 codd.
244 2772 268 2797 et
286 2778 431 2798 conversus
450 2772 556 2798 Petrus.
577 2773 687 2804 Vulgata
706 2773 782 2805 legit:
802 2773 836 2800 Et
854 2771 1000 2801 conversus
1021 2774 1111 2801 Domi-

145 2821 198 2840 nus
217 2815 337 2849 respeaeic
355 2816 491 2842 Petrum...
510 2818 534 2842 et
553 2823 677 2850 egressus
695 2817 773 2850 foras
786 2818 883 2845 Petrus
903 2823 952 2844 etc.
971 2833 1006 2838 —
1020 2819 1109 2852 Sequi-

147 2862 189 2883 tur
207 2858 287 2884 Exod.
307 2859 337 2891 3,
359 2860 386 2885 7.
398 2867 453 2892 seq.

217 2901 228 2916 ⁴
248 2903 340 2929 Psalm.
360 2903 408 2935 24,
432 2904 476 2935 18,
496 2907 522 2930 et
541 2905 588 2935 85,
610 2905 650 2930 16.
956 2905 968 2921 ⁶
989 2908 1061 2933 Vers.
1082 2908 1107 2934 6.

216 2944 227 2960 ⁶
247 2946 317 2972 Libr.
336 2948 388 2974 Vll.
402 2948 426 2973 in
440 2949 502 2974 Luc.
514 2955 537 2975 0.
556 2949 595 2974 15.
608 2956 633 2974 11.
653 2950 718 2981 230;
737 2951 862 2976 sententia
876 2951 959 2983 ipsius
972 2952 1108 2978 ethbetur

146 2991 235 3017 verbis
253 2992 358 3018 Glossae
384 2992 541 3021 ordinariae
558 2994 586 3019 in
605 2994 667 3019 Luc.
691 2994 734 3025 15,
754 2995 797 3020 20.
816 2994 868 3021 Cir.
887 2996 1008 3027 Ilierou.‚
1028 2996 1106 3028 Epist.

146 3036 189 3061 21.
210 3035 283 3067 (alias
304 3036 373 3069 146.)
394 3044 419 3062 11.
441 3037 483 3062 20.

216 3078 226 3096 ⁷
247 3080 349 3107 Scilicet
366 3080 509 3108 ordinaria
533 3082 680 3108 secundum
705 3083 818 3114 Bedam,
843 3084 888 3116 qui
913 3085 1032 3117 sequitur
1055 3087 1107 3111 Au-

146 3128 229 3156 gast,
248 3123 275 3150 11.
294 3125 343 3158 Qq.
367 3126 531 3157 Evangelior.
550 3134 576 3159 q.
596 3126 640 3152 33.
664 3134 691 3153 11.
711 3126 740 3152 4ε
759 3128 827 3160 Quid
848 3131 886 3154 est
910 3131 998 3154 autem
1023 3136 1106 3164 super

145 3168 246 3195 collum
265 3169 322 3196 eius
341 3169 450 3202 cadere,
477 3171 524 3196 nisi
550 3171 674 3197 inclinare
698 3175 723 3197 et
742 3172 879 3198 humiliare
905 3173 930 3198 in
955 3174 1105 3206 amplexum

145 3213 202 3239 eius
221 3213 358 3240 brachium
378 3216 476 3241 suum?
494 3215 529 3242 Et
548 3214 691 3242 brachium
710 3215 819 3242 Domini
836 3216 883 3243 cui
900 3217 1106 3245 revelatum-est

145 3256 221 3291 [lsai.
243 3258 290 3290 53,
317 3258 368 3293 Ι-.]7
386 3259 460 3292 quod
487 3263 527 3286 est
551 3260 642 3293 utique
669 3260 796 3287 Dominus
821 3265 909 3287 noster
939 3262 1009 3288 lesus
1035 3262 1105 3289 Chri-

145 3304 209 3327 stus.
228 3301 278 3327 Cir.
298 3302 414 3334 llieron.,
433 3303 483 3329 loc.
501 3303 544 3329 cit.
563 3317 598 3323 -
610 3303 668 3329 Duo
681 3311 756 3337 seqq.
772 3305 819 3331 loci
834 3309 896 3331 sunt
917 3306 958 3332 Ps.
974 3306 1022 3338 97,
1037 3307 1060 3333 1.
1080 3310 1105 3333 et

146 3345 202 3376 lsai.
222 3345 270 3376 5-2,
290 3347 316 3371 2.
333 3360 369 3366 -
388 3347 516 3379 Superius
534 3354 583 3380 pro
602 3349 643 3374 est
660 3347 816 3376 hamanitas
837 3351 890 3376 sere
909 3357 1002 3377 omnes
1027 3351 1105 3377 codd.

145 3388 177 3415 id
194 3391 234 3416 est
251 3389 406 3417 humanitas
427 3390 456 3423 (C
467 3391 519 3417 Dll
539 3390 700 3424 humilitas).

2083 226 2146 259 395

1186 307 1309 340 Beda⁸z
1339 321 1354 337 c
1373 308 1504 342 Rediens
1526 311 1671 343 osculum
1703 312 1842 344 caritatis
1865 322 1884 345 a
1907 317 1996 355 patre
2019 314 2145 356 accipit,

1185 360 1261 393 dum
1286 370 1342 403 per
1372 362 1504 403 gratiam
1537 363 1729 396 certificatur
1761 364 1799 397 de
1831 365 2021 407 indulgentia
2040 380 2074 405 n,
2099 376 2146 399 se-

1185 413 1325 446 cundum
1350 414 1428 447 illud
1451 414 1488 447 ad
1514 415 1663 457 Ephesios
1687 417 1805 458 primo:
1837 431 1851 445 «
1869 418 1900 450 ln
1925 428 1989 460 quo
2018 419 2146 452 creden-

1185 469 1232 499 tes
1255 467 1367 509 signati
1392 468 1467 501 estis
1490 469 1607 510 Spiritu
1634 470 1848 511 promissionis
1872 477 1993 512 sancto,
2023 474 2075 515 qui
2101 478 2147 506 est

1186 520 1302 562 pignus
1327 520 1509 554 hereditatis
1533 526 1659 555 nostrae
1677 536 1706 554 n.
1733 524 1793 556 Hoc
1816 525 1959 557 osculum
1984 527 2101 559 amoris
2116 532 2145 559 et
2168 533 2297 555 Notandum.

1186 573 1271 615 pacis
1302 574 1380 615 petit
1412 583 1526 616 sponsa
1556 575 1756 608 Canticorurn
1790 577 1908 619 primo:
1939 592 1954 606 α
1978 579 2146 612 030111οῑ111·

1185 635 1236 659 1110
1252 627 1360 659 0301110
1383 627 1448 660 oris
1476 628 1543 666 sui,
1567 629 1642 670 quia
1665 630 1795 662 meliora
1819 635 1893 663 sunt
1910 645 1924 659 »
1954 635 2012 664 etc.
2031 632 2062 664 ln
2088 633 2144 665 11οο

1186 679 1328 712 nimius¹¹
1359 684 1490 722 apparet
1522 681 1645 723 pietatis
1676 682 1820 722 affectus,
1853 693 1917 725 quo
1942 684 2025 717 Deus
2057 686 2145 718 Pater

1185 733 1341 774 peccatori
1366 733 1510 766 redeunti
1535 735 1711 768 maximum
1742 736 1876 769 ostendit
1900 737 2072 771 dilectionis
2100 739 2145 771 in-

1184 785 1312 819 dicium.
1339 786 1374 820 Et
1397 796 1453 829 per
1479 787 1537 821 1100
1560 789 1719 830 cognoscit
1744 789 1826 822 Deus
1852 790 1958 829 Pater,
1983 791 2007 823 si
2034 800 2146 824 sumus·

1184 839 1253 872 eius
1276 839 1349 879 filii,
1375 850 1448 873 cum
1472 841 1606 874 libenter
1629 843 1812 875 osculamur
1836 852 1907 876 eum
1926 853 1982 886 per
2006 854 2143 879 amorem

1185 897 1355 932 mutuum;
1387 894 1514 928 Genesis
1538 895 1688 938 vigesimo
1711 897 1844 938 septimo
1858 898 1900 929 ¹⁰:
1931 911 1946 926 <x
1968 898 2083 931 Acctxle
2107 900 2143 931 axi

1185 955 1234 979 me
1257 951 1288 979 et
1303 946 1343 979 da
1367 947 1443 980 mihi
1462 949 1622 988 osculum,
1647 949 1690 982 fili
1715 950 1771 989 mi;
1789 954 1820 983 et
1844 952 1974 984 accessit
1999 956 2030 984 et
2054 961 2144 985 oscu-

1184 999 1266 1033 latus
1290 1004 1337 1033 est
1360 1009 1434 1034 eum
1452 1014 1487 1041 »;
1512 1005 1543 1035 01
1559 1002 1719 1044 sequitur,
1736 1004 1820 1045 quod
1842 1017 1858 1033 α
1874 1004 2036 1037 benedixit
2055 1006 2082 1038 ei
2108 1019 2144 1043 »;

1182 1054 1258 1096 quia
1282 1055 1506 1089 benedictionis
1529 1057 1690 1099 plenitudo
1713 1066 1754 1090 ex
1780 1058 1839 1090 hoc
1862 1059 1970 1091 osculo
1994 1060 2142 1101 procedit.

1183 1108 1269 1141 Unde
1305 1108 1336 1141 in
1373 1109 1512 1142 Psalmo:
1550 1123 1565 1138 a
1591 1110 1801 1150 Benedixisti,
1840 1112 1989 1151 Domine,
2026 1117 2142 1146 terram

1183 1165 1270 1195 tuam
1288 1175 1323 1201 »;
1349 1166 1380 1195 01
1411 1163 1576 1196 subditur:
1605 1164 1849 1197 «Misericordia
1880 1169 1911 1198 et
1943 1167 2058 1199 veritas
2089 1168 2143 1200 ob-

1183 1215 1350 1249 viaverunt
1373 1216 1446 1256 sibi,
1471 1217 1589 1249 iustitia
1604 1221 1636 1250 et
1657 1227 1718 1260 pax
1735 1219 1893 1252 osculatae
1917 1223 2033 1252 sunt».
2054 1221 2143 1254 istius
2164 1225 2293 1247 Notandum-

1182 1268 1424 1302 deosculationis
1455 1269 1543 1311 origo
1566 1273 1613 1302 est
1637 1270 1668 1302 in
1692 1270 1795 1303 Verbo
1820 1271 1995 1311 incarnato,
2025 1273 2055 1305 in
2080 1283 2142 1316 quo

1182 1326 1229 1355 est
1252 1322 1328 1355 unio
1352 1323 1467 1355 summi
1492 1323 1608 1356 amoris
1631 1327 1663 1356 et
1689 1324 1894 1358 connexionis
1925 1325 2058 1368 duplicis
2089 1337 2142 1360 na-

1182 1379 1291 1415 turae,
1319 1384 1376 1418 per
1408 1385 1503 1418 quam
1527 1376 1611 1409 Deus
1639 1386 1695 1409 nos
1718 1378 1890 1417 osculatur,
1907 1382 1937 1411 et
1962 1389 2018 1412 nos
2042 1380 2140 1414 Deum

1181 1429 1418 1468 deosculamur,
1450 1429 1622 1462 secundum
1649 1430 1726 1463 illud
1750 1431 1949 1465 cantieorum
1974 1437 2084 1467 octavo
2098 1436 2140 1467 ¹¹:

1186 1495 1202 1511 «x
1225 1481 1302 1523 Quis
1332 1482 1409 1514 1111111
1443 1482 1495 1514 det
1530 1486 1560 1515 te
1594 1482 1724 1515 fratrem
1757 1493 1881 1523 meum,
1913 1489 1949 1518 ut
1985 1486 2140 1520 inveniam

1181 1539 1211 1568 te
1242 1535 1318 1568 foris
1349 1539 1380 1568 et
1410 1535 1575 1568 deosculer
1608 1540 1655 1575 te,
1687 1540 1718 1569 et
1743 1537 1802 1569 iam
1835 1547 1885 1570 me
1916 1547 2008 1572 nemo
2040 1539 2142 1582 despi-

1181 1588 1242 1621 ciat
1261 1601 1277 1617 »
1307 1591 1366 1621 etc.

1270 1641 1322 1674 35.
1348 1641 1450 1684 (Vers.
1484 1642 1561 1682 21.).
1587 1643 1729 1676 Secundo
1754 1648 1908 1686 quantum
1933 1646 1971 1679 ad
1994 1657 2142 1680 reveren-
2164 1650 2291 1699 *³025erss

1180 1695 1263 1727 tiam
1293 1694 1358 1737 filii
1390 1705 1424 1727 se
1459 1695 1570 1738 ipsum
1603 1698 1797 1730 accusantis
1832 1699 1958 1732 subdit:
1991 1701 2143 1745 Dz'aeicque
2243 1694 2248 1698 ¹

1178 1747 1271 1790 filius
1293 1748 1345 1781 ei.-
1378 1748 1499 1788 Pater,
1530 1750 1667 1791 peccavi
1698 1750 1733 1782 in
1757 1751 1904 1790 caelum,
1937 1753 2054 1787 scilicet
2085 1764 2142 1797 per

1178 1805 1399 1844 contemptum
1415 1802 1599 1835 Maiestatis
1615 1804 1762 1837 omnibus
1782 1806 2002 1847 praesidentis;
2020 1808 2071 1841 Iob
2087 1818 2142 1841 un-
2162 1811 2301 1859 ‘ggggsffiff

1177 1854 1299 1887 decimo
1313 1855 1353 1887 ¹²:
1384 1868 1400 1884 «
1422 1856 1581 1889 Excelsior
1597 1857 1683 1889 caelo
1699 1861 1763 1896 est,
1788 1861 1819 1890 et
1842 1859 1917 1900 quid
1942 1859 2055 1893 facies?
2073 1861 2143 1894 Pro·
2288 1854 2293 1858 ⁴

1177 1908 1305 1941 fundior
1336 1909 1473 1949 inferno,
1498 1913 1530 1943 et
1559 1910 1643 1943 unde
1674 1916 1900 1953 cognoscesn?
1931 1917 1962 1947 et
1993 1914 2142 1957 vigesimo

1178 1962 1333 1995 secundo:
1364 1975 1380 1992 «
1397 1963 1439 1995 An
1473 1963 1615 2005 ignoras,
1647 1964 1731 2006 quod
1763 1964 1847 1998 Deus
1871 1967 2026 2000 excelsior
2057 1968 2142 2001 caelo

1178 2015 1249 2048 sit»
1278 2018 1337 2050 etc.
1364 2016 1405 2048 1η
1440 2016 1568 2049 caelum
1600 2026 1675 2059 ergo
1707 2021 1814 2059 peccat
1846 2019 1900 2061 qui
1933 2020 2032 2053 Deum
2064 2021 2138 2053 caeli

1177 2069 1366 2109 contemnit;
1391 2069 1475 2103 unde
1498 2070 1615 2103 dicitur
1632 2072 1725 2113 primi
1745 2072 1858 2105 Esdrae
1883 2082 1965 2105 nono
1979 2073 2022 2105 ¹⁸:
2049 2087 2063 2102 «
2082 2074 2141 2106 lni-

1177 2122 1314 2164 quitates
1338 2131 1426 2156 meae
1442 2123 1667 2165 multiplicatae
1691 2128 1766 2157 sunt
1781 2134 1877 2167 super
1901 2130 1996 2168 caput
2016 2136 2138 2165 meum,

1177 2178 1208 2207 et
1231 2174 1345 2208 delicta
1368 2170 1476 2208 nostra
1507 2180 1677 2209 creverunt
1700 2186 1802 2219 usque
1826 2177 1864 2210 ad
1896 2179 2016 2212 caelum
2034 2193 2049 2208 »
2079 2184 2138 2213 etc.

1179 2228 1218 2260 Ει
1241 2237 1357 2260 coram
1381 2232 1428 2267 te,
1452 2237 1509 2270 per
1532 2233 1750 2271 contemptum
1776 2230 1929 2263 Veritatis
1945 2233 2049 2265 omnia
2070 2241 2140 2275 spe·
2159 2237 2296 2285 ”effingen-

1177 2281 1330 2321 culantis;
1355 2281 1558 2315 Ecclesiastici
1579 2282 1729 2324 vigesimo
1753 2284 1845 2316 tertio
1860 2285 1902 2316 ¹⁴:
1933 2298 1948 2313 κ
1965 2285 2053 2318 Oculi
2079 2286 2124 2319 Do

1176 2334 1253 2367 mini
1278 2335 1377 2367 multo
1408 2335 1480 2377 plus
1505 2335 1673 2369 lucidiores
1703 2341 1777 2374 sunt
1808 2346 1904 2380 super
1928 2339 2045 2379 solem,
2078 2340 2135 2373 cir-

1177 2388 1420 2430 cumspicientes
1450 2398 1559 2422 omnes
1590 2389 1657 2422 vias
1688 2390 1851 2423 hominum
1883 2395 1915 2424 et
1945 2392 2136 2434 profundum

1247 2595 1258 2611 ⁸
1278 2597 1349 2623 Libr.
1369 2597 1411 2623 lV.
1430 2597 1456 2623 iu
1475 2598 1538 2623 Luc.
1557 2598 1602 2628 ⁸5,
1623 2598 1671 2629 20,
1692 2597 1735 2624 ubi
1750 2599 1868 2632 sequitur
1887 2600 2012 2632 August„
2032 2601 2081 2626 100.
2095 2602 2136 2626 cit.

1176 2643 1304 2668 Sententia
1324 2642 1410 2679 Bedae
1422 2642 1557 2668 exhibetur
1575 2642 1662 2668 verbis
1675 2644 1781 2669 Glossae
1795 2643 1960 2670 ordinariae.
1970 2658 2005 2664 —·
2020 2645 2136 2671 Subinde

1174 2687 1320 2719 allegantur
1339 2688 1405 2719 Epli.
1428 2688 1448 2719 l,
1472 2687 1510 2712 13.
1530 2694 1586 2720 seq.
1605 2691 1631 2712 et
1649 2687 1719 2714 Cant.
1742 2689 1765 2718 1,
1787 2689 1811 2713 1.
1824 2702 1857 2707 —-
1873 2689 1907 2714 De
1928 2690 2009 2720 gratia
2026 2696 2145 2723 praeve-

1174 2730 1264 2757 niente
1282 2735 1332 2757 etc.
1351 2732 1398 2757 cfr.
1418 2732 1444 2757 11.
1467 2732 1538 2757 Sent.
1556 2731 1582 2757 d.
1603 2732 1646 2757 27.
1665 2731 1731 2757 dub.
1751 2733 1776 2758 1.

1244 2773 1255 2788 ⁹
1274 2776 1308 2801 lta
1328 2776 1348 2801 A
1360 2776 1423 2806 DF,
1442 2775 1461 2801 C
1480 2775 1576 2807 nimis,
1595 2776 1617 2801 G
1630 2776 1732 2807 mirus,
1753 2776 1774 2801 H
1787 2776 1905 2807 multus,
1927 2777 1986 2802 Vat.
2005 2784 2131 2811 amyntas.

1246 2818 1268 2834 ¹⁰
1288 2820 1363 2846 vers.
1382 2821 1425 2846 26.
1444 2824 1470 2846 et
1488 2821 1537 2851 27,
1556 2824 1616 2852 post
1628 2828 1695 2853 quos
1709 2821 1748 2846 Ps.
1764 2820 1810 2851 84,
1825 2822 1848 2846 2.
1863 2825 1888 2847 et
1906 2822 1944 2847 ll.
1957 2835 1994 2841 --
2009 2822 2136 2854 Superius

1173 2869 1222 2894 pro
1234 2870 1357 2889 amorem
1370 2865 1498 2891 mutuum
1517 2865 1561 2893 (ita
1582 2865 1601 2889 A
1612 2863 1631 2890 C
1644 2865 1673 2896 D)
1694 2864 1736 2889 alii
1756 2864 1835 2890 codd.
1848 2872 1969 2891 autorem
1985 2865 2133 2898 unitivum,

1174 2907 1232 2932 Vat.
1243 2914 1365 2934 amorem
1384 2907 1510 2934 intimum
1524 2910 1550 2934 et
1562 2907 1710 2939 unitivum,
1732 2908 1752 2933 H
1773 2910 1839 2934 hanc
1852 2909 2058 2940 propositionem
2073 2917 2134 2936 cum

1171 2951 1327 2983 allegatione
1345 2953 1409 2978 Gen.
1431 2953 1472 2978 27.
1491 2956 1517 2978 et
1537 2953 1576 2978 Ps.
1597 2952 1638 2977 84.
1657 2953 1766 2984 omittit,
1779 2956 1804 2978 et
1825 2954 1848 2978 iu
1868 2954 1918 2979 tine
1941 2961 1995 2987 seq.
2017 2955 2135 2986 proposi-

1172 2996 1248 3021 tionis
1261 3000 1321 3028 post
1339 2996 1420 3022 verba
1441 2996 1517 3023 Gaul.
1536 2994 1563 3027 8,
1585 2997 1608 3021 1.
1629 2997 1761 3028 adiungit:
1782 2998 1835 3023 Ista
1849 3004 1912 3024 vero
1926 2997 2090 3033 deosculatio
2104 2999 2136 3033 fit

1167 3046 1219 3073 per
1237 3042 1365 3066 mutuum
1383 3046 1519 3071 amorem,
1539 3039 1603 3073 quia
1623 3040 1650 3066 in
1670 3040 1762 3067 osculo
1781 3040 1835 3067 duo
1855 3042 2026 3068 conveniunt.

1243 3083 1263 3098 ¹¹
1286 3085 1359 3110 Vei-s.
1382 3085 1405 3116 1,
1425 3085 1448 3109 111
1463 3091 1516 3117 quo
1530 3084 1642 3110 vocibus
1655 3086 1679 3110 ce
1697 3084 1765 3118 soris
1784 3084 1803 3111 C
1815 3085 1862 3111 DF
1875 3087 1894 3111 11
1915 3087 2072 3112 interserunt
2089 3093 2134 3114 so-

1171 3127 1238 3155 lum.
1256 3142 1292 3148 --
1310 3128 1362 3155 Cl'r.
1381 3128 1519 3159 Bernard.‚
1540 3128 1622 3153 Serui.
1644 3128 1666 3153 1.
1686 3129 1711 3154 111
1731 3128 1804 3155 Cant.
1824 3137 1849 3155 n.
1872 3131 1895 3155 1.
1915 3137 1988 3163 seqq.

1243 3172 1264 3187 ¹²
1286 3174 1361 3199 Vers.
1380 3174 1402 3198 8.
1423 3177 1448 3198 et
1467 3174 1514 3203 22,
1537 3174 1575 3198 12.
1595 3172 1647 3198 Cir.
1669 3180 1747 3204 supra
1767 3181 1792 3198 n.
1813 3174 1857 3199 30.
2130 3203 2135 3207 ,

1242 3215 1264 3231 ¹³
1284 3218 1357 3243 Vers.
1381 3218 1410 3249 6,
1435 3216 1479 3242 ubi
1506 3218 1562 3242 Vat.
1586 3224 1646 3243 cum
1672 3217 1798 3249 Vulgata:
1819 3218 1975 3252 lniqtiilates
1995 3221 2131 3246 noslrae...

1170 3263 1251 3295 caput
1269 3263 1404 3288 nostrum.
1425 3262 1472 3287 Pro
1491 3260 1586 3287 delicta
1605 3263 1699 3288 noslra
1719 3262 1739 3287 11
1759 3261 1855 3288 delicta
1875 3269 1942 3288 mea.
1995 3277 1997 3279 ·

1241 3305 1263 3320 ¹⁴
1283 3306 1357 3331 Vei-s.
1378 3306 1421 3331 28.
1447 3309 1472 3331 01
1497 3307 1540 3331 29.
1565 3306 1612 3332 Pro
1632 3313 1714 3339 supet·
1733 3306 1817 3333 solem
1836 3306 1918 3333 ACD
1937 3314 1997 3333 cum
2023 3308 2130 3340 Septua—

1169 3351 1240 3383 ginta
1259 3351 1328 3383 sole,
1348 3354 1373 3376 et
1392 3358 1441 3382 pro
1460 3350 1582 3377 omnium
1601 3350 1684 3377 corda
1706 3352 1760 3376 Vnt.
1781 3358 1841 3377 cum
1861 3352 1973 3383 Vulgata
1989 3352 2128 3378 hominum

1167 3395 1260 3422 corda.
