2427 3872
312 290 374 321 7052

557 330 621 356 CHR
643 328 697 361 (45)

310 378 393 402 Deum
414 376 456 401 Vll
476 375 526 400 558
547 374 579 399 58
605 386 641 392 -—-
666 373 690 398 in
710 379 738 397 se
763 371 876 397 ostendit
901 372 949 396 for-

311 428 381 446 mam
400 423 485 445 rectae
499 417 664 450 praelationis
684 416 734 441 172
755 416 782 441 31
803 430 835 434 —
850 419 888 441 est
903 415 949 440 Do-

311 465 398 490 minus
417 464 523 494 messis,
548 463 581 488 ad
601 469 681 495 quam
708 461 785 486 mittit
810 461 949 492 Apostolos

310 510 342 534 Vl
363 509 413 534 298
434 508 467 533 57

363 566 397 571 -
417 551 531 577 debebat
550 557 712 583 congregare
731 550 870 576 universos
882 548 949 574 filios

310 597 355 622 Dei
376 597 509 628 dispersos
529 596 552 620 in
573 596 625 621 fide
653 595 765 620 nominis
784 594 824 619 sui
845 594 877 618 Vl
897 592 948 618 474

311 641 344 666 37
362 655 396 659 —
415 640 509 666 Christi
528 640 643 665 officium
657 642 697 665 est
709 645 871 670 congregare
885 637 949 662 fide-

310 686 347 710 les
367 685 408 710 Vll
429 684 479 709 293
500 685 528 709 54
553 698 587 703 --
605 691 652 709 sua
678 683 838 714 benignitate
857 688 949 707 omnes

312 728 456 754 attrahebat
485 732 509 753 et
538 727 671 754 adunabat
691 727 740 752 446
772 727 804 752 42
823 740 858 745 --
877 725 949 751 videt

310 775 405 799 electos
424 775 544 804 respectu
569 772 778 803 misericordiae,
804 774 832 796 ut
851 777 896 795 eos
915 770 948 794 ad

311 825 338 843 se
357 818 496 842 attraheret
518 817 566 842 129
585 816 619 842 64
634 830 668 834 ——
680 815 756 841 traxit
769 815 800 840 ad
816 822 843 840 se
857 821 949 840 omnes

311 862 405 887 electos
433 862 465 886 Vl
495 861 540 886 42Ι
575 861 608 886 54
635 874 672 879 -
696 860 774 885 trahit
792 859 887 884 0100105
916 858 949 883 00

311 906 411 931 mundo
433 894 482 930 470
504 906 535 930 13
555 919 590 924 -
604 905 674 930 Deus
687 904 759 929 dedit
772 904 867 929 electos
879 902 949 928 Chri-

311 954 350 975 sto
369 950 403 975 ad
423 949 597 975 erudiendum
618 956 664 980 per
684 948 829 973 doctrinam
850 946 912 973 ibid.

366 1007 396 1012 —-
418 994 496 1019 trahit
515 1000 564 1019 nos
577 993 610 1018 ad
624 1000 665 1025 se,
685 993 753 1018 51001
771 992 847 1017 navis
861 991 894 1016 ad
908 997 950 1022 pe·

311 1042 377 1064 tram
397 1038 506 1063 trahitur
526 1038 568 1063 Vll
589 1037 634 1063 474
659 1037 692 1062 63
711 1051 746 1055 —
765 1037 803 1062 Ad
818 1035 949 1061 Christum

312 1083 452 1114 trahimur,
473 1082 580 1115 quando
600 1084 687 1107 mente
705 1081 738 1106 ad
759 1081 846 1112 ipsum
859 1080 951 1106 excita·

312 1135 371 1153 mur
390 1131 415 1152 et
433 1134 513 1158 supra
533 1134 580 1152 nos
599 1126 750 1151 excedimus
769 1124 832 1151 ibid.

365 1186 399 1190 —
419 1172 518 1196 nullum
538 1171 648 1196 electum
674 1170 760 1202 perdit
785 1170 816 1195 Vl
837 1170 887 1194 328
908 1169 950 1194 60.

313 1216 363 1241 329
383 1215 416 1241 64
436 1230 470 1234 -—
490 1218 577 1240 servat
596 1218 621 1240 et
646 1214 759 1240 custodit
785 1214 881 1239 electos
901 1213 951 1238 472

314 1260 347 1285 24
367 1274 400 1278 --
420 1266 473 1285 non
498 1259 614 1291 perdidit
640 1265 802 1291 quemquam
827 1265 857 1284 ex
883 1258 950 1283 datis

313 1304 430 1336 511111101-
456 1304 734 1336 praedestinationem,
754 1303 800 1328 sed
829 1310 858 1328 ex
885 1302 953 1327 datis

313 1348 458 1374 secundum
479 1351 643 1379 praesentem
662 1347 785 1373 iustitiam
807 1346 857 1372 474
871 1347 903 1371 33
917 1359 953 1365 -

312 1400 365 1418 non
385 1392 499 1424 perdidit
511 1399 674 1425 quemquam
688 1391 834 1424 perditione
847 1394 951 1416 aeterna

315 1437 365 1462 480
387 1437 418 1461 47
438 1451 473 1455 —
492 1437 591 1462 nullum
611 1437 666 1461 vult
684 1436 771 1468 perire
791 1436 832 1461 Vll
850 1434 897 1460 499
918 1436 951 1460 38

315 1496 350 1499 —
363 1481 494 1506 neminem
509 1481 623 1513 perdidit
637 1481 794 1512 negligentia
810 1481 840 1505 Vl
856 1480 905 1505 472
920 1479 952 1505 24

367 1539 403 1544 -
422 1528 500 1550 vocat
519 1526 614 1551 multos
633 1525 666 1550 ad
686 1528 818 1550 aeternam
838 1524 954 1550 refectio·

315 1576 376 1595 nem
396 1576 443 1601 per
462 1570 554 1601 fidem,
574 1573 602 1595 ut
626 1570 747 1595 ostendat
769 1576 901 1595 summam
929 1569 954 1594 li-

316 1614 476 1639 beralitatem
496 1617 521 1639 et
540 1613 727 1646 benignitatem
745 1614 787 1639 Vll
808 1614 859 1639 370
872 1613 905 1638 37
919 1627 954 1632 -

317 1659 444 1684 Dominus
463 1665 562 1690 paucos
581 1659 673 1690 elegit,
692 1662 720 1684 ut
733 1658 852 1684 ostendat
865 1658 954 1683 iudicii

317 1703 481 1728 severitatem
495 1702 558 1729 ibid.
570 1717 605 1722 —
618 1703 749 1729 Christum
760 1703 870 1728 audiunt
883 1709 955 1735 prae-

317 1747 436 1773 destinati
456 1747 488 1773 Vl
509 1748 559 1773 489
579 1748 612 1772 68
899 1746 901 1749 “

369 1805 404 1810 -
423 1795 462 1817 051
480 1792 626 1818 destructor
645 1791 801 1826 daemonnm,
820 1799 881 1817 eum
901 1791 956 1824 qui-

317 1835 367 1862 bus
380 1837 475 1862 nullam
490 1836 568 1862 habet
581 1837 791 1862 convenientiam
803 1836 844 1861 Vll
857 1836 907 1861 406
921 1836 955 1861 72

319 1896 354 1899 —
374 1885 401 1907 ut
413 1888 493 1907 verus
507 1881 589 1907 David
603 1881 801 1906 daemoniacam
815 1880 956 1912 potentiam

321 1926 439 1951 domavit
451 1925 502 1951 240
515 1925 550 1951 74
560 1939 595 1944 -
608 1925 671 1950 vicit
684 1924 818 1950 diabolum
832 1928 957 1957 tanquam

321 1971 407 1996 10111115
418 1971 508 1996 fortem
520 1970 570 1995 293
583 1969 615 1995 49
627 1983 660 1988 -
671 1969 812 2001 praedatus
822 1972 860 1994 est
870 1968 958 1994 diabo-

320 2015 372 2041 lum
388 2015 484 2040 fortiter
497 2013 530 2040 ib.
550 2014 583 2039 50
596 2028 631 2032 —
644 2013 786 2039 daemones
798 2013 959 2046 expugnavit

316 2060 352 2090 ,Vt
364 2059 415 2085 225
434 2067 459 2084 v.
481 2059 513 2084 46
526 2072 561 2078 —
574 2058 652 2084 Filius
665 2057 808 2090 superbum
823 2057 957 2084 diabolum

317 2110 380 2129 cum
400 2103 454 2129 suis
472 2103 550 2129 sociis
563 2102 660 2135 expulit
673 2109 687 2128 e
700 2103 772 2128 caelo
791 2103 841 2128 460
854 2110 882 2128 v.
896 2103 905 2127 4
923 2117 957 2121 —

319 2148 465 2186 principem
485 2147 578 2173 mundi
597 2147 732 2179 superavit
750 2149 775 2172 et
792 2147 868 2172 eiecit
893 2146 956 2173 ibid.

318 2207 354 2211 —
368 2193 449 2224 spolia
464 2191 555 2217 inferni
575 2191 681 2217 abstulit
700 2190 760 2217 ibid.
775 2205 809 2209 -—
822 2190 957 2216 diabolum

320 2237 395 2263 eiecit
413 2237 447 2262 de
465 2243 547 2268 regno
568 2236 595 2261 44
620 2243 647 2261 V.
667 2235 710 2261 46.
729 2235 772 2261 Vll
800 2236 850 2261 106
870 2236 904 2261 73
923 2250 958 2255 -

320 2281 455 2307 insidiatus
467 2283 507 2306 est
525 2279 639 2311 diabolo,
653 2283 681 2305 ut
694 2286 756 2305 vasa
776 2279 832 2305 eius
845 2281 958 2306 auferret

320 2325 364 2351 Vll
387 2325 438 2351 575
467 2325 500 2350 38
526 2337 563 2343 —
582 2323 807 2356 praedicatoribus
827 2323 959 2350 distribuit

320 2370 402 2402 spolia
416 2369 511 2395 diaboli
532 2369 583 2394 293
604 2369 637 2394 50

375 2428 408 2432 -
428 2414 486 2439 11001
504 2414 590 2439 victus
618 2413 751 2445 videatur,
776 2416 862 2439 tamen
882 2413 958 2444 vicit,

322 2459 382 2491 quia
403 2458 538 2484 moriendo
557 2458 649 2483 revixit
668 2458 711 2483 Vll
732 2458 783 2483 293
804 2457 837 2483 49
850 2471 886 2477 -·
904 2464 958 2483 cor-

322 2503 373 2528 ruit
382 2503 564 2534 corporaliter,
583 2502 759 2534 temporaliter
777 2505 803 2527 et
814 2502 959 2534 visibiliter,

322 2548 368 2572 sed
397 2547 499 2572 occisus
523 2547 586 2572 vicit
605 2546 667 2572 ibid.
687 2560 719 2564 —-
740 2546 801 2572 vicit
829 2546 958 2572 mundum

322 2598 382 2621 0100
403 2598 450 2616 500
470 2591 588 2622 principe
608 2591 640 2616 Vl
661 2590 712 2616 420
733 2591 766 2616 45
785 2605 819 2609 -
833 2598 879 2622 per
899 2598 958 2623 pas-

323 2636 422 2661 sionem
452 2635 527 2660 eiecit
554 2635 699 2666 principem
727 2635 819 2661 mundi
844 2634 906 2661 ibid.
925 2649 960 2654 —

324 2679 398 2712 quasi
418 2680 482 2704 latro
502 2678 563 2703 vicit
581 2678 714 2704 diabolum
740 2679 782 2704 Vll
802 2679 854 2704 575
874 2680 906 2704 38
926 2693 961 2697 —-

324 2724 386 2749 vicit
404 2723 537 2749 diabolum
558 2723 583 2748 in
604 2722 725 2754 passione
748 2726 774 2748 et
791 2723 913 2755 spoliavit
934 2724 960 2748 in

323 2767 526 2798 resurrectione,
545 2767 651 2800 quando
671 2770 759 2798 portas
779 2767 918 2793 infernales
936 2770 961 2793 et

325 2819 397 2837 arma
426 2811 523 2837 diaboli
550 2812 678 2843 confregit
706 2812 756 2837 293
784 2812 816 2836 50
836 2825 872 2831 -—-
899 2812 962 2837 vicit

325 2856 458 2882 diabolum
470 2856 495 2881 in
506 2856 833 2888 resurrectione‚spoliavit
843 2856 866 2881 in
875 2863 962 2881 ascen-

325 2902 398 2927 sione
417 2900 479 2927 ibid.

378 2959 413 2965 —
432 2945 556 2970 Diabolus
574 2952 627 2970 non
642 2944 816 2976 cognoscebat
829 2944 960 2971 Christum

325 2994 428 3022 aperte,
447 2990 492 3015 sed
512 2989 713 3015 coniecturando
733 2990 775 3015 Vll
793 2989 840 3014 106
853 2989 897 3015 74.
913 2990 961 3014 110

324 3035 368 3064 90,
387 3035 416 3059 91
440 3049 473 3052 —-
500 3041 551 3062 non
578 3034 704 3065 permittit
727 3033 861 3059 diabolum
891 3034 961 3067 loqui

325 3078 402 3104 etiam
423 3085 484 3103 vera
506 3078 555 3103 106
575 3078 617 3103 75.
639 3078 688 3103 110
708 3079 737 3103 91

378 3136 413 3142 -
432 3123 555 3148 adoratur
574 3130 588 3148 a
607 3123 735 3148 daemone
754 3123 796 3148 Vll
810 3123 861 3148 202
882 3123 914 3148 49
929 3137 962 3141 -

325 3166 419 3192 Christi
450 3167 596 3199 praesentia
628 3167 758 3192 horribilis
788 3167 964 3193 daemonibus

328 3212 377 3236 106
396 3211 439 3237 74.
459 3212 510 3237 202
531 3211 573 3236 49.
593 3211 643 3236 203
663 3211 692 3236 51
716 3224 751 3230 -
769 3210 862 3237 Christi
882 3218 964 3243 iprae-

324 3259 430 3287 ceptum
459 3256 564 3281 timetur
593 3262 606 3280 a
635 3255 765 3281 daemone
784 3255 835 3280 203
856 3256 899 3287 50,
919 3255 962 3286 51,

327 3300 369 3325 52.
389 3299 440 3325 204
460 3300 501 3325 55.
522 3300 573 3326 205
592 3300 625 3325 59

380 3358 413 3362 -
433 3344 519 3376 primo
539 3344 611 3369 venit
629 3344 662 3369 ad
681 3342 787 3370 iudaeos
812 3347 964 3370 converten-

327 3388 376 3413 dos
404 3388 436 3413 Vl
465 3387 516 3413 293
541 3389 574 3413 23
598 3402 633 3407 —
654 3389 751 3414 maiora
780 3395 861 3421 (10310
890 3389 964 3414 lonas

326 3431 440 3457 ostendit
459 3432 560 3458 ludaeis
580 3432 620 3458 Vll
641 3433 692 3458 299
712 3433 744 3458 68
765 3447 799 3451 —-
819 3433 964 3465 specialiter

1171 281 1284 313 INDEX
1309 280 1437 313 RERUM

985 373 1011 395 et
1029 370 1206 402 principaliter
1224 372 1332 395 venerat
1356 369 1469 401 propulo
1489 368 1626 394 israelitico

986 415 1138 446 praedicare
1159 415 1190 439 Vl
1211 414 1262 439 389
1288 414 1320 439 29
1346 427 1382 432 -
1406 420 1434 438 se
1453 413 1567 438 ostendit
1591 412 1627 437 iu-

986 459 1058 484 daeis
1077 466 1130 484 non
1156 461 1257 484 13011110
1285 458 1462 487 audiendum,
1481 457 1528 483 sed
1548 457 1625 482 etiam

986 503 1131 528 videndum
1152 503 1192 527 Vll
1207 503 1257 527 299
1272 503 1306 527 66
1325 517 1361 520 -
1379 509 1393 527 3
1408 501 1509 527 ludaeis
1523 508 1574 526 non
1588 504 1627 526 est

986 547 1108 578 cognitus
1124 550 1194 572 certa
1215 546 1322 572 scientia
1341 546 1392 571 506
1414 546 1446 570 49
1471 558 1508 564 —
1526 546 1628 570 Fratres

986 592 1043 617 eius
1063 598 1113 616 non
1133 590 1276 616 credebant
1294 590 1319 616 in
1339 597 1400 616 eum
1427 593 1535 622 propter
1554 589 1625 615 fami-

986 637 1121 661 liaritatem
1153 636 1182 660 Vl
1204 635 1254 661 340
1274 635 1290 660 6
1310 649 1345 653 -
1364 635 1411 660 fuit
1430 634 1563 660 familiaris
1591 634 1627 659 lu-

986 680 1059 706 daeis
1079 680 1104 705 in
1123 681 1175 705 vita
1195 683 1220 705 et
1239 680 1266 705 in
1285 679 1402 705 doctrina
1421 679 1465 704 Vll
1479 679 1530 704 352
1545 678 1579 703 57
1592 691 1628 697 -·

986 724 1153 756 cognoscitur
1172 724 1283 750 iudaeus
1301 731 1332 749 ex
1352 723 1441 749 habitu
1463 724 1494 748 Vl
1515 723 1566 748 292
1594 722 1627 747 17

1038 782 1074 788 -
1093 769 1131 794 Αο
1152 770 1240 800 ipsum
1264 767 1404 793 multitudo
1429 767 1578 793 confluebat
1596 774 1627 793 ex

987 814 1049 839 iocis
1069 813 1224 846 propinquis
1243 816 1268 838 et
1286 813 1394 838 remotis
1414 812 1455 837 Vll
1477 811 1527 837 146
1546 811 1578 837 43
1593 825 1627 830 -

987 858 1057 883 Multi
1079 857 1218 882 veniebant
1243 857 1277 882 ad
1296 863 1357 882 eum
1380 857 1428 881 123
1450 856 1483 881 42
1510 870 1543 874 —
1562 856 1628 881 desi-

987 902 1093 928 deratus
1112 908 1126 927 a
1146 901 1230 927 turbis
1250 901 1296 926 221
1322 901 1355 925 18
1374 915 1410 918 —
1428 899 1535 925 Turbae
1547 907 1628 932 quae-

986 945 1079 972 rebant
1097 953 1158 971 eum
1179 948 1287 977 tangere
1315 951 1346 970 ex
1374 944 1426 970 fide
1444 948 1470 970 et
1488 944 1628 969 devotione

989 990 1039 1016 446
1060 990 1092 1015 46

1042 1048 1077 1053 —
1096 1033 1202 1059 Turbae
1221 1033 1400 1066 sequebantur
1420 1033 1551 1058 Christum
1571 1040 1629 1064 pro-

988 1082 1045 1111 pter
1065 1079 1212 1104 doctrinam
1231 1082 1257 1103 01
1275 1078 1399 1103 miracula
1420 1078 1462 1102 Vll
1481 1077 1533 1102 375
1547 1077 1575 1102 51
1594 1091 1627 1095 --

988 1123 1094 1149 Turbae
1112 1122 1254 1148 veniebant
1267 1122 1301 1148 ad
1314 1122 1446 1148 Christum
1466 1121 1627 1147 audiendum

989 1172 1097 1200 propter
1117 1167 1313 1193 instructionem
1341 1169 1367 1192 et
1394 1168 1502 1198 propter
1520 1165 1629 1191 curatio-

990 1220 1048 1238 nem
1069 1219 1212 1244 corporum
1242 1211 1288 1236 121
1313 1210 1347 1236 34
1365 1224 1401 1229 —-
1420 1210 1468 1242 Qui
1488 1210 1521 1235 ad
1541 1210 1628 1242 ipsum

990 1257 1150 1282 conveniunt
1168 1255 1349 1281 illuminantur
1368 1261 1415 1287 per
1434 1254 1590 1286 sapientiam
1605 1257 1630 1279 ct

990 1304 1115 1328 curantur
1133 1308 1180 1333 per
1199 1300 1322 1326 virtutem
1344 1300 1394 1325 122
1416 1299 1448 1325 34
1467 1313 1503 1318 -
1522 1299 1630 1324 venien-

990 1350 1028 1372 tes
1048 1345 1081 1371 ad
1100 1353 1128 1371 se
1153 1344 1298 1370 illustrabat
1325 1344 1435 1369 veritate
1454 1344 1479 1368 in
1499 1346 1588 1368 mente
1606 1346 1632 1368 et

990 1390 1098 1416 sanabat
1117 1389 1151 1414 ab
1170 1388 1365 1414 infirmitatibus
1383 1388 1410 1413 in
1429 1394 1507 1413 carne
1526 1387 1577 1412 146
1598 1387 1630 1412 44

990 1450 1025 1453 -
1053 1434 1092 1460 Ad
1121 1434 1253 1460 Christum
1281 1431 1532 1465 appropinquabant
1562 1432 1633 1464 igno-

990 1483 1077 1505 rantes
1096 1482 1205 1510 propter
1223 1478 1385 1508 doctrinam,
1409 1476 1505 1502 infirmi
1525 1480 1632 1509 propter

991 1524 1128 1549 sanitatem
1160 1522 1369 1554 recuperandam
1383 1541 1390 1553 ,
1421 1525 1446 1547 et
1481 1524 1633 1553 peccatores

993 1570 1101 1600 propter
1120 1568 1224 1592 veniam
1247 1567 1296 1592 113
1317 1568 1332 1592 2

1044 1626 1080 1631 -
1099 1612 1246 1637 10301105131
1265 1619 1293 1637 50
1312 1611 1414 1637 ludaeis
1442 1611 1518 1642 signo
1546 1614 1633 1636 aucto-

992 1657 1073 1683 ritatis
1092 1657 1117 1682 in
1138 1656 1291 1688 potestativa
1312 1656 1559 1687 transgredientium
1579 1663 1634 1681 cor-

992 1702 1106 1727 rectione
1127 1702 1158 1726 Vl
1179 1701 1229 1726 273
1252 1701 1284 1725 18
1297 1715 1333 1720 -
1346 1700 1381 1726 011
1395 1700 1566 1726 humilitatem
1581 1707 1632 1725 non

992 1753 1020 1772 se
1050 1745 1231 1771 manifestabat
1258 1745 1308 1771 nisi
1337 1748 1455 1777 tempore
1483 1748 1633 1777 opportuno

994 1790 1044 1816 340
1064 1790 1081 1815 7
1099 1804 1135 1809 --
1154 1790 1267 1822 Quidam
1292 1797 1322 1815 ex
1351 1790 1450 1815 invidia
1470 1790 1503 1815 de
1532 1789 1633 1816 Christo

994 1835 1115 1860 nuntiant
1134 1835 1177 1860 Vll
1199 1835 1248 1860 173
1270 1834 1304 1864 35
1322 1848 1358 1853 -
1377 1838 1485 1866 propter
1498 1841 1574 1860 suam
1589 1834 1634 1859 mi-

993 1886 1049 1904 ram
1070 1879 1241 1904 humilitatem
1260 1879 1344 1904 voluit
1356 1878 1491 1911 reprobari
1505 1886 1519 1904 a
1534 1879 1635 1905 ludaeis

994 1923 1045 1948 508
1066 1924 1099 1949 23
1119 1938 1153 1941 -
1172 1923 1316 1955 despicitur
1336 1926 1364 1949 ut
1381 1923 1454 1954 vilis,
1467 1923 1635 1955 redarguitur

995 1970 1023 1993 ut
1042 1970 1164 1999 peccator
1184 1968 1236 1993 125
1257 1967 1288 1993 49
1308 1982 1342 1986 -
1368 1968 1512 2000 despicitur
1531 1967 1565 1993 ab
1591 1968 1635 1993 im-

995 2012 1044 2044 piis
1063 2011 1115 2037 247
1135 2012 1177 2042 97,
1197 2012 1230 2037 98
1249 2026 1286 2031 -
1298 2012 1492 2044 despiciebatur
1506 2012 1531 2037 in
1551 2012 1634 2044 patria

994 2063 1041 2082 sua
1061 2059 1170 2088 propter
1188 2059 1326 2088 parentum
1340 2059 1522 2088 paupertatem
1537 2057 1569 2082 Vl
1583 2056 1634 2082 302

996 2100 1029 2126 84
1051 2101 1105 2133 (83)
1125 2115 1159 2119 ——
1179 2102 1199 2127 A
1220 2101 1321 2126 ludaeis
1344 2101 1520 2127 contemnitur
1538 2100 1573 2126 ob
1593 2108 1635 2133 ge-

995 2145 1064 2171 neris
1082 2145 1200 2171 notitiam
1220 2144 1282 2171 ibid.
1302 2146 1344 2171 Vll
1365 2146 1414 2170 100
1435 2145 1478 2171 48.
1500 2145 1546 2171 101
1566 2145 1594 2170 51

1047 2203 1083 2209 -
1101 2190 1242 2221 despectus
1261 2196 1275 2214 a
1304 2189 1449 2215 pharisaeis
1469 2190 1510 2215 Vll
1531 2190 1581 2214 488
1602 2190 1635 2215 83

994 2248 1029 2254 —-
1049 2241 1096 2266 per
1124 2233 1314 2266 blasphemiam
1343 2234 1474 2260 iudicatur
1502 2241 1553 2259 non
1579 2241 1636 2260 esse

994 2279 1099 2311 sapiens
1117 2285 1167 2304 nec
1186 2278 1273 2304 bonus
1301 2281 1409 2310 propter
1428 2278 1635 2310 superfluitatem

994 2324 1080 2350 victus
1103 2327 1128 2349 et
1156 2323 1346 2349 inhonestatem
1375 2323 1512 2348 convictus
1532 2323 1577 2348 181
1602 2323 1635 2348 60

995 2383 1028 2386 -
1042 2367 1208 2394 100103113101·
1227 2370 1353 2400 tanquam
1367 2367 1520 2392 immundus
1533 2370 1559 2393 et
1578 2374 1636 2393 con-

996 2415 1109 2444 temptor
1128 2412 1298 2438 traditionum
1312 2412 1468 2437 ludaeorum
1483 2412 1533 2437 302
1552 2412 1586 2437 79
1601 2426 1634 2430 -

996 2457 1133 2482 carnaliter
1152 2456 1357 2489 intelligentibus
1382 2456 1522 2481 videbatur
1542 2463 1637 2488 propo-

997 2508 1058 2527 nere
1076 2501 1256 2534 quacstionem
1276 2501 1380 2526 stultam
1400 2501 1446 2526 244
1473 2501 1505 2525 82

1049 2561 1083 2564 —
1111 2546 1233 2572 excitavit
1262 2545 1389 2571 invidiam
1421 2545 1636 2576 Pharisaeorum,

995 2591 1057 2624 quia
1077 2591 1197 2623 superior
1217 2591 1250 2616 Vl
1275 2590 1322 2616 291
1348 2590 1380 2615 12
1406 2589 1435 2615 2·
1455 2604 1488 2608 -
1514 2597 1560 2615 sua
1589 2590 1636 2616 do-

997 2636 1078 2661 ctrina
1098 2635 1261 2667 compescuit
1275 2636 1389 2660 furorem
1401 2634 1570 2667 ludaeorum,
1590 2642 1635 2660 eos

996 2680 1124 2705 elevando
1152 2680 1177 2705 in
1206 2679 1407 2705 admirationem
1432 2678 1483 2704 343
1503 2678 1537 2704 24
1556 2693 1591 2697 -—
1610 2679 1636 2704 in

997 2724 1128 2749 mentibus
1156 2724 1312 2749 ludaeorum
1340 2722 1448 2748 videbat
1475 2723 1564 2748 dolum
1595 2724 1636 2749 Vll

998 2768 1048 2793 510
1068 2768 1102 2793 29
1121 2782 1155 2787 —-
1180 2768 1328 2793 manifestat
1356 2767 1438 2792 malas
1466 2768 1637 2799 cogitationes

998 2813 1197 2838 Pharisaeorum
1218 2812 1268 2838 138
1290 2812 1323 2837 15
1342 2825 1377 2829 -
1391 2811 1588 2843 improperabat
1602 2813 1637 2837 lu-

997 2857 1069 2882 daeis
1089 2856 1310 2888 transgressiones
1338 2855 1415 2887 Legis
1434 2856 1466 2881 Vl
1487 2856 1537 2881 122
1558 2864 1583 2881 v.
1605 2857 1636 2882 12

997 2915 1032 2921 -
1051 2901 1221 2933 cogitationes
1241 2901 1395 2926 ludaeorum
1415 2900 1527 2926 traduxit
1547 2901 1572 2926 in
1592 2909 1638 2927 no-

998 2946 1079 2971 titiam
1098 2944 1132 2971 z'b.
1151 2952 1178 2971 v.
1197 2945 1229 2970 13
1248 2958 1285 2964 -
1303 2943 1393 2976 gravis
1411 2948 1466 2969 crat
1484 2945 1585 2970 ludaeis
1604 2946 1636 2972 ad

998 2990 1142 3016 videndum
1163 2992 1271 3021 propter
1290 2988 1524 3014 manifestationem
1545 2997 1637 3021 pecca—

998 3037 1084 3060 torum
1105 3035 1222 3066 ipsorum
1243 3033 1292 3058 423
1313 3041 1340 3058 v.
1360 3033 1393 3058 15
1413 3048 1447 3051 -
1470 3034 1558 3065 arguit
1576 3035 1637 3059 Pha-

998 3079 1097 3104 risaeos
1125 3079 1150 3104 in
1179 3078 1337 3110 cogitatione
1364 3076 1575 3109 blasphemantes
1596 3080 1635 3104 Vll

1001 3124 1050 3149 126
1071 3123 1103 3148 50
1123 3136 1158 3142 -
1176 3123 1294 3154 increpat
1319 3122 1495 3147 infidelitatem
1521 3126 1546 3148 et
1565 3123 1637 3148 duri-

1000 3168 1061 3193 tiam
1082 3168 1237 3193 ludaeorum
1262 3173 1309 3198 per
1333 3165 1492 3199 aequitatem
1517 3167 1573 3201 sine
1593 3167 1638 3192 im-

1000 3212 1123 3244 patientia
1143 3212 1189 3237 241
1214 3211 1249 3237 77

1052 3270 1088 3275 -
1107 3257 1223 3282 confutat
1247 3255 1398 3287 hypocritas
1417 3255 1458 3280 Vll
1479 3255 1529 3280 344
1550 3256 1583 3280 30
1603 3269 1638 3275 -—

1000 3301 1115 3325 confutat
1133 3300 1293 3325 detractores
1318 3306 1365 3331 per
1389 3299 1507 3330 exempla
1527 3301 1638 3331 prophe·

1000 3344 1049 3369 tica
1071 3345 1120 3369 100
1141 3344 1183 3370 47.
1204 3344 1249 3369 404
1280 3343 1308 3368 51
1332 3357 1368 3362 -
1391 3343 1527 3369 confundit
1546 3344 1638 3370 adver-

1000 3388 1082 3414 sarios
1100 3395 1162 3414 suos
1181 3387 1233 3414 345
1252 3388 1285 3413 33
1304 3400 1340 3407 —
1359 3387 1440 3413 vincit
1465 3391 1567 3413 cautam
1587 3391 1639 3413 ten-

1001 3433 1124 3458 tationem
1144 3439 1191 3464 per
1211 3432 1443 3458 manifestationem
1457 3432 1573 3458 veritatis
1586 3432 1637 3458 510

1913 323 1977 350 CiiR
1998 324 2053 357 (45)

1664 367 1698 392 30
1723 382 1758 385 -
1783 367 1953 399 sagacissime
1977 367 2114 394 veritatem
2143 370 2249 396 extorsit
2274 377 2304 397 ex

1664 418 1709 437 ore
1729 411 1882 443 Legisperiti
1902 412 1954 437 270
1973 412 2007 437 60

1716 468 1753 474 ·-·
1771 462 1822 480 non
1850 456 1986 487 respondit
2014 456 2225 490 interrogationi,
2254 466 2306 484 non

1664 499 1726 531 quia
1755 499 1881 531 nesciret,
1910 500 1957 525 sed
1986 504 2062 526 caute
2090 501 2247 534 interrogat,
2278 506 2306 529 ut

1664 543 1817 569 Pharisaeos
1845 544 1907 575 liget
1935 551 1983 576 per
2012 545 2130 576 ipsorum
2149 547 2305 573 sententiam

1665 587 1707 613 Vll
1728 588 1779 613 502
1801 587 1815 613 4
1835 602 1870 606 —-
1890 588 1992 614 ludaeis
2010 589 2153 622 aliquando
2166 591 2306 622 responde-

1664 631 1709 657 bat
1728 632 1762 657 ad
1782 632 1941 663 orationem,
1961 633 2103 666 aliquando
2117 635 2148 660 ad
2170 635 2304 661 hominem

1665 676 1697 701 Vl
1718 676 1768 701 356
1793 677 1831 701 13.
1845 677 1895 701 393
1911 676 1944 701 56
1958 691 1993 695 -—
2007 677 2109 703 ludaeis
2122 678 2212 704 dolose
2225 686 2306 712 quae-

1664 720 1782 746 rentibus
1807 728 1858 746 non
1887 724 1977 752 aperte
2005 722 2159 755 respondet,
2188 724 2236 749 sed
2265 731 2306 749 ca-

1664 765 1789 790 lumniam
1809 765 1953 797 prudenter
1977 767 2101 798 repressit
2129 768 2172 793 Vli
2192 768 2243 794 565
2264 769 2307 794 83.

1666 809 1716 834 566
1737 810 1752 835 3
1766 825 1800 828 —
1815 810 1957 842 respondet
1976 811 2078 837 ludaeis
2096 812 2233 837 veritatem
2253 813 2305 839 564

1666 854 1698 878 82
1712 867 1748 872 -
1762 854 1862 879 1003015
1881 855 2019 886 respondit
2031 862 2080 887 per
2093 856 2241 888 Scripturas
2254 856 2306 882 565

1666 898 1699 922 83
1712 898 1862 924 —ludaeis
1881 899 2082 931 quaerentibus,
2101 907 2135 926 an
2155 900 2308 927 0550101111-

1666 945 1734 972 5105,
1754 949 1806 968 000
1825 943 1962 975 respondit
1979 944 2132 976 simpliciter
2151 946 2307 971 affirmando

1667 986 1717 1011 566
1738 987 1753 1011 3

1721 1045 1754 1049 —-
1773 1032 1910 1058 contutans
1929 1032 2068 1064 perfidiam
2093 1033 2308 1067 Pharisaeorum,

1666 1076 1712 1108 qui
1730 1083 1782 1101 non
1801 1079 1875 1101 erant
1894 1077 1984 1108 scripti
2004 1077 2029 1102 in
2048 1078 2138 1110 caelis,
2153 1078 2235 1110 digito
2248 1079 2309 1104 scri-

1666 1119 1746 1146 bebat
1765 1120 1790 1145 in
1810 1124 1878 1146 terra
1898 1121 1941 1146 Vll
1962 1122 2013 1147 263
2039 1121 2073 1147 34
2092 1136 2128 1140 -
2146 1123 2229 1154 digito
2248 1123 2309 1149 scri-

1666 1164 1746 1190 bebat
1765 1165 1789 1190 in
1811 1168 1894 1196 terra,
1913 1166 1958 1198 qui
1977 1166 2075 1198 Legem
2094 1166 2178 1198 digito
2197 1168 2309 1199 scripse-

1667 1212 1707 1234 rat
1726 1210 1758 1234 Vl
1778 1209 1830 1235 354
1849 1210 1874 1235 7.
1894 1210 1945 1235 356
1966 1210 1999 1235 14
2020 1209 2049 1235 2·
2067 1224 2103 1229 —
2117 1211 2241 1237 Diversae
2254 1219 2309 1237 5011-

1668 1253 1776 1284 tentiae,
1796 1254 1861 1289 quid
1880 1254 2015 1286 scripserit
2034 1254 2060 1280 in
2080 1258 2146 1280 terra
2161 1255 2213 1280 356
2234 1256 2266 1281 44
2280 1255 2309 1281 3*

1668 1312 1702 1316 -—
1721 1298 1837 1323 confusis
1856 1298 1935 1324 dabat
1958 1299 2044 1325 locum
2070 1300 2126 1325 sine
2148 1300 2309 1326 verecundia

1668 1342 1781 1368 exeundi
1801 1343 1853 1368 354
1873 1343 1889 1368 9
1909 1357 1943 1361 -
1962 1350 2014 1369 non
2033 1344 2185 1370 damnasset
2213 1344 2310 1370 adulte-

1669 1393 1740 1417 ram,
1760 1387 1838 1412 etiam
1866 1387 1887 1413 si
1913 1387 2058 1413 adversarii
2087 1389 2260 1420 perstitissent
2284 1389 2309 1414 in

1669 1431 1819 1457 accusando
1839 1431 1890 1457 357
1911 1432 1943 1457 46

1722 1489 1757 1494 -—-
1775 1476 1877 1501 10011015
1895 1480 1935 1502 051
1953 1477 2019 1508 131115
2037 1478 2188 1503 offensionis
2202 1478 2243 1504 Vll
2259 1478 2310 1503 509

1670 1519 1704 1545 24
1723 1534 1758 1538 -
1777 1521 1808 1546 30
1831 1522 1901 1546 111100
1919 1521 2034 1553 lapidem
2063 1522 2158 1554 pedem
2179 1523 2314 1548 offendunt

1670 1565 1714 1597 qui
1736 1565 1759 1590 in
1780 1565 1866 1597 ipsum
1895 1573 1948 1591 non
1973 1566 2101 1597 credunt,
2125 1567 2167 1592 vel
2187 1574 2240 1592 non
2259 1567 2313 1592 imi-

1671 1613 1756 1635 tantur
1782 1609 1833 1635 508
1861 1609 1894 1635 24
1920 1624 1956 1629 —
1979 1610 2029 1642 Qui
2049 1618 2111 1636 cum
2131 1610 2233 1637 Christo
2253 1618 2313 1637 con-

1671 1654 1782 1680 tendunt
1810 1655 1956 1680 necessario
1982 1656 2178 1681 confunduntur
2206 1656 2257 1681 512
2278 1656 2313 1682 33

1670 1712 1706 1718 —-
1733 1699 1845 1724 declinat
1876 1700 2081 1726 machinationes
2112 1700 2312 1726 Pharisaeorum

1671 1750 1718 1775 per
1737 1744 1904 1775 prudentiam
1926 1744 1976 1769 438
1998 1745 2030 1769 46

1723 1801 1759 1806 —
1777 1795 1830 1813 non
1848 1788 1952 1821 reliquit
1971 1789 2092 1814 iudaeam
2108 1789 2200 1814 timore
2214 1789 2247 1814 Vl
2261 1789 2312 1814 289

1673 1832 1696 1857 4.
1725 1833 1776 1858 290
1807 1833 1839 1858 12
1864 1847 1899 1852 -
1927 1833 2031 1866 reliquit
2057 1834 2178 1859 iudaeam
2203 1836 2313 1865 propter

1671 1877 1824 1902 scandalum
1854 1877 1991 1902 vitandum
2020 1880 2045 1903 et
2068 1881 2177 1910 propter
2198 1879 2310 1904 fructum

1671 1921 1823 1954 augendum
1844 1924 1869 1947 et
1888 1925 1997 1954 propter
2024 1923 2174 1954 exemplum
2195 1923 2313 1948 dandum

1672 1966 1719 1991 291
1745 1966 1777 1991 12

1725 2023 1761 2029 —-
1780 2012 1846 2036 facta
1865 2011 2060 2043 praedicatione
2079 2011 2189 2043 ludaeis,
2209 2011 2314 2044 praedi-

1672 2054 1749 2080 cabat
1768 2055 1937 2081 samaritanis
1957 2056 1989 2081 111
2009 2056 2060 2081 289
2082 2055 2097 2081 4
2111 2070 2145 2075 —-
2158 2055 2199 2082 his
2213 2056 2314 2082 transiit

1673 2106 1720 2130 per
1738 2100 1883 2125 Samariam
1904 2101 1955 2126 290
1975 2100 1991 2125 5
2010 2115 2045 2118 —
2063 2108 2114 2126 non
2134 2107 2164 2126 ex
2178 2101 2314 2133 proposito

1673 2144 1809 2176 principali
1828 2144 1876 2170 ivit
1895 2145 1928 2170 ad
1948 2145 2139 2178 samaritanos,
2152 2145 2198 2171 sed
2219 2152 2314 2177 oppor-

1673 2188 1780 2214 tunitate
1799 2188 1885 2214 oblata
1906 2190 1957 2214 293
1978 2190 2011 2215 23
2031 2204 2065 2208 -
2080 2190 2174 2215 mansit
2186 2190 2258 2222 apud
2271 2191 2314 2215 Sa-

1672 2233 1815 2258 maritanos
1833 2234 1867 2259 ad
1886 2234 1965 2260 fldem
1992 2241 2084 2260 eorum
2104 2234 2314 2260 confirmandam

1672 2281 1698 2303 et
1717 2278 1943 2310 multiplicandam
1968 2279 2019 2304 298
2037 2280 2071 2304 60
2091 2293 2125 2298 -
2144 2286 2196 2305 non
2219 2279 2315 2305 mansit

1673 2322 1771 2348 diutius
1789 2323 1860 2354 apud
1881 2323 2072 2354 Samaritanos,
2091 2330 2125 2349 ne
2143 2323 2230 2349 ludaei
2251 2324 2314 2350 indi-

1673 2370 1815 2398 gnarentur
1835 2367 1885 2392 299
1906 2367 1939 2392 67

1726 2425 1762 2430 -
1780 2411 1849 2437 cavit
1867 2411 1917 2437 sibi
1944 2419 1957 2437 a
1985 2412 2082 2443 turbis,
2102 2419 2116 2437 a
2143 2412 2260 2443 ludaeis,
2279 2412 2314 2438 ab

1672 2456 1776 2481 Herode
1795 2459 1820 2481 et
1832 2463 1846 2481 a
1861 2456 2003 2488 discipulis,
2017 2464 2068 2482 non
2082 2464 2109 2482 se
2123 2457 2314 2483 manifestando

1673 2500 1711 2525 eis
1730 2500 1762 2525 Vl
1792 2500 1843 2525 550
1872 2508 1899 2526 v.
1919 2500 1952 2526 24
1971 2514 2006 2520 -
2031 2508 2059 2526 se
2087 2501 2225 2527 abscondit
2243 2509 2257 2526 a
2278 2502 2333 2526 111-1

1673 2545 1745 2570 daeis
1764 2545 1796 2570 ad
1817 2545 1992 2571 deserendum
2007 2549 2115 2577 propter
2128 2553 2220 2571 eorum
2240 2546 2313 2571 mali-

1674 2589 1799 2621 gnitatem
1820 2590 1871 2615 577
1891 2591 1906 2615 2

1725 2647 1760 2653 -
1780 2635 1935 2667 Redemptio
1955 2642 2002 2666 per
2027 2634 2158 2661 Christum
2183 2635 2313 2667 promissa

1674 2681 1729 2704 erat
1747 2678 1870 2711 gentibus
1891 2680 1932 2705 Vll
1953 2680 2004 2704 602
2019 2680 2052 2705 59
2071 2693 2106 2697 -
2121 2680 2168 2704 Per
2181 2679 2312 2705 Christum

1673 2724 1744 2749 salus
1762 2723 1839 2749 datur
1853 2723 1975 2755 gentibus
1989 2723 2040 2749 477
2056 2724 2087 2749 43
2103 2738 2136 2741 —
2149 2724 2232 2749 salvat
2245 2724 2314 2749 duos

1674 2768 1787 2799 populos
1807 2767 1857 2793 483
1878 2769 1905 2793 31
1931 2781 1964 2786 -—
1979 2771 2124 2800 congregat
2137 2768 2203 2794 filios
2223 2768 2269 2794 Dei
2283 2775 2313 2794 ex

1674 2812 1796 2844 gentibus
1816 2812 1866 2838 477
1887 2813 1919 2837 13
2270 2813 2275 2816 ’

1727 2871 1762 2875 ——
1782 2857 1856 2882 Pater
1874 2857 1919 2882 dat
1938 2857 1960 2881 ei
1981 2860 2072 2889 gentes
2092 2864 2138 2889 per
2158 2857 2312 2882 electionem

1674 2904 1699 2927 et
1727 2901 1891 2927 vocationem
1922 2901 2025 2927 V1328
2046 2901 2079 2926 58
2105 2916 2139 2919 -
2158 2904 2198 2927 est
2225 2902 2312 2927 lumen

1674 2946 1792 2978 gentium
1814 2946 1855 2972 Vll
1877 2946 1927 2971 169
1948 2945 1980 2971 17
2001 2953 2035 2964 -’·
2054 2953 2082 2971 50
2107 2946 2182 2971 011011
2200 2945 2314 2971 1100ον0-

1674 2992 1727 3016 1010
1748 2990 1870 3022 gentibus
1890 2990 1940 3015 416
1965 2990 1998 3015 28
2018 3004 2052 3007 -
2077 2997 2128 3015 non
2152 2988 2313 3021 despiciebat

1675 3035 1783 3066 gentiles
1804 3034 1853 3059 105
1879 3034 1913 3059 65
1932 3048 1967 3053 —-
1986 3034 2074 3060 ludaei
2098 3033 2312 3065 murmurabant,

1674 3079 1734 3112 quia
1754 3079 1870 3111 suscepit
1888 3081 1981 3110 gentes
2001 3078 2051 3103 475
2075 3079 2104 3103 10

1726 3137 1760 3141 -
1780 3127 1839 3155 post
1851 3122 2069 3154 conspirationem
2084 3122 2238 3148 ludaeorum
2253 3128 2313 3147 con-

1673 3168 1783 3193 vertitur
1801 3167 1834 3192 ad
1855 3170 1945 3199 gentes
1964 3167 1996 3192 Vi
2018 3166 2068 3192 417
2089 3166 2123 3191 35
2141 3179 2177 3185 -
2189 3165 2312 3197 reproba-

1674 3214 1715 3237 tus
1734 3218 1748 3236 a
1768 3211 1870 3237 ludaeis
1888 3211 1961 3242 eligit
1979 3213 2070 3242 gentes
2091 3211 2131 3236 Vll
2151 3210 2203 3235 509
2224 3209 2257 3235 24
2277 3222 2312 3228 -

1673 3258 1712 3281 est
1731 3262 1809 3281 verus
1829 3255 1895 3280 Elias
1913 3255 2017 3280 salvans
2037 3254 2219 3286 gentilitatem,
2240 3254 2312 3279 dero-

1674 3299 1733 3325 licto
1752 3299 1851 3331 populo
1877 3299 2032 3325 ludaeorum
2059 3299 2109 3323 102
2129 3298 2163 3324 55
2182 3311 2217 3317 —
2236 3304 2311 3329 syna-

1675 3350 1771 3375 gogam
1792 3343 1948 3369 ludaeorum
1967 3342 2137 3374 dispergebat
2149 3345 2174 3367 et
2193 3342 2310 3373 gentium

1674 3388 1812 3416 varietates
1831 3387 1856 3412 in
1875 3387 2000 3413 unitatem
2021 3386 2149 3412 Ecclesiae
2168 3393 2312 3418 congrega-

1675 3431 1720 3457 bat
1738 3432 1772 3457 70
1794 3432 1802 3456 4
