2427 3872
312 263 376 296 782

595 307 657 334 LAz

1173 262 1287 295 INDEX
1311 262 1438 295 RERUM

313 352 426 378 caritatis
440 352 466 377 in
480 352 572 377 affectu
593 353 635 377 Vll
657 351 690 377 27
711 351 740 376 71
758 365 793 370 -
806 350 845 377 Ad
865 351 950 382 perfe-
987 365 1020 369 —
1041 350 1179 376 suscitatus
1198 354 1236 376 εει
1249 351 1341 376 merito
1354 350 1414 376 fidei
1435 353 1460 376 et
1478 350 1625 375 devotionis

312 400 380 422 ctam
400 396 504 422 laudem
528 396 670 429 requiritur
697 395 802 421 debitus
829 396 949 425 affectus,

312 440 399 466 debita
419 447 496 466 causa
510 443 534 465 et
548 439 653 466 debitus
665 440 761 465 modus
775 440 806 465 vt
820 440 853 464 30
869 439 901 464 86
915 453 950 458 -

311 484 414 510 Laudes
433 484 602 510 decantantur
620 490 634 508 a
654 483 736 514 vivis,
749 490 800 509 non
813 491 827 509 a
841 483 951 509 mortuis

313 528 358 553 171
384 528 417 553 26

365 586 400 591 -
414 579 481 597 vana
494 572 599 597 vitanda
612 572 731 604 exemplo
744 571 839 597 Christi
852 572 885 597 Vt
899 572 944 597 341

315 617 342 642 11
367 631 400 635 —
420 616 511 642 mundi
531 620 570 642 est
589 616 780 642 contemnenda
793 616 836 641 Vll
851 615 903 641 495
916 615 950 641 62

313 675 347 679 —-
368 661 481 686 hominis
500 660 533 686 de
553 668 581 686 se
600 667 668 686 vana
688 663 727 686 est
744 661 777 686 Vl
797 660 848 686 360
869 660 902 685 27
923 659 951 684 t·

312 719 348 724 —
367 712 434 730 vana
455 705 562 730 omnino
580 705 770 730 contemnenda
787 708 826 730 est
843 705 885 730 Vll
900 705 950 730 152

314 750 343 774 61
367 763 402 768 -
421 750 503 774 Nemo
528 752 600 781 optet
619 749 733 780 laudari,
752 755 801 774 nec
820 749 880 781 quis
904 755 949 774 au-

314 793 374 819 deat
398 793 504 818 laudare
524 793 549 818 in
569 794 617 818 hac
637 793 689 818 vita
710 793 761 818 239
781 793 814 818 69
835 807 868 811 —-
888 793 952 818 Lau-

314 837 361 863 des
389 841 414 863 et
441 839 554 863 honores
581 837 688 863 omnino
716 836 845 862 debemus
867 839 951 862 conte-

314 888 418 912 mnere,
437 889 488 906 non
507 884 631 913 appetere
647 881 699 906 305
713 881 746 906 87
759 895 794 899 —-
813 881 951 912 Appetitus

313 925 397 951 laudis
425 925 542 957 sequitur
570 925 604 950 ad
628 924 796 950 ambitionem
817 925 951 956 dignitatis

313 968 375 995 ibid.
395 983 428 987 -
448 969 497 1001 Qui
516 969 618 1001 quaerit
636 969 740 994 laudem
762 969 898 994 hominum
913 972 951 994 est

313 1020 406 1038 servus
418 1016 443 1038 et
455 1013 573 1038 deiectus
588 1013 641 1038 365
655 1012 688 1038 24
707 1026 742 1031 —
761 1012 857 1038 Laudis
876 1019 951 1044 prae-

314 1057 419 1082 conium
439 1064 490 1082 non
510 1060 549 1082 est
567 1056 748 1089 quaerendum
775 1057 825 1081 120
855 1057 888 1082 29
916 1070 951 1076 -

312 1100 471 1126 Laudandus
499 1103 538 1126 est
564 1100 609 1133 qui
638 1101 723 1126 solum
751 1107 841 1126 amore
871 1101 952 1126 servit

314 1144 347 1169 Vl
367 1144 418 1169 388
437 1144 470 1169 27

368 1202 402 1205 -
431 1188 476 1213 Dei
504 1187 686 1219 gubernatoris
715 1188 831 1214 facienda
860 1191 899 1214 εει
925 1189 951 1214 in

315 1232 410 1264 Spiritu
439 1235 542 1262 sancto,
570 1239 623 1257 non
642 1232 667 1257 in
686 1239 764 1258 carne
784 1232 827 1258 Vll
846 1232 897 1258 264
918 1233 950 1258 36

314 1290 349 1295 -
379 1276 454 1301 Ratio
484 1276 606 1302 laudandi
637 1279 676 1302 est
706 1275 862 1302 beneficium
895 1284 952 1309 gra-

314 1320 365 1351 tiae
385 1321 412 1346 31
437 1320 471 1345 90
489 1334 525 1339 -
545 1320 617 1346 visio
637 1320 795 1346 mirabilium
816 1321 915 1347 inducit
926 1324 952 1347 et

315 1367 405 1390 movet
422 1364 456 1390 ad
475 1365 635 1391 laudandum
653 1364 704 1390 492
718 1365 752 1391 55
765 1379 799 1384 —
812 1366 887 1391 Ratio
900 1366 952 1391 lau-

315 1409 394 1435 dandi
413 1412 451 1435 est
470 1409 625 1435 miraculum
650 1410 780 1441 potentiae
806 1410 839 1435 32
864 1410 897 1435 92
916 1424 951 1429 -

314 1452 447 1479 Debemus
475 1460 580 1486 semper
608 1461 638 1480 os
661 1457 782 1486 apertum
802 1453 900 1480 habere
918 1454 951 1480 ad

314 1498 431 1524 divinam
460 1498 565 1523 laudem
593 1501 618 1523 et
646 1498 758 1524 maxime
777 1502 835 1531 post
854 1499 952 1525 benefi-

314 1542 384 1568 cium
403 1542 591 1574 redemptionis
611 1542 644 1568 37
665 1543 715 1568 116
728 1557 763 1562 -
776 1544 887 1576 Quando
900 1551 952 1569 ma-

314 1587 382 1612 xime
420 1587 606 1612 intendendum
638 1587 670 1613 sit
702 1587 799 1613 divinis
829 1587 951 1614 laudibus

315 1631 366 1657 105
385 1631 418 1656 66

369 1689 402 1693 -
420 1678 459 1701 εει
486 1678 560 1701 actus
587 1675 670 1701 finalis
698 1678 723 1701 et
750 1676 863 1707 patriae,
889 1677 950 1709 quia

314 1725 366 1744 non
386 1718 465 1744 habet
484 1719 561 1744 finem
581 1719 624 1744 Vll
645 1719 696 1744 604
716 1720 749 1744 66
769 1735 803 1738 ——
823 1723 862 1745 est
878 1724 951 1746 actus

315 1762 456 1794 spiritualis
484 1762 544 1788 ibid.
564 1777 598 1781 —-
617 1763 642 1788 In
671 1763 748 1789 laude
772 1764 817 1789 Dei
837 1767 875 1790 est
893 1765 951 1790 finis

315 1807 370 1832 sine
389 1807 441 1832 fine
459 1805 519 1832 ibid.
539 1820 574 1826 —-
592 1807 723 1833 Laudator
741 1808 823 1834 divini
838 1809 951 1834 nominis

315 1857 366 1876 non
387 1850 464 1876 debet
482 1857 540 1876 esse
565 1851 686 1882 timidus,
714 1855 743 1877 ut
766 1852 874 1878 laudare
898 1860 950 1878 non

313 1894 421 1925 audeat3
434 1902 483 1920 nec
496 1895 626 1928 tumidus,
639 1898 668 1921 ut
680 1896 787 1922 laudare
805 1896 950 1930 erubescat,

313 1938 360 1964 sed
379 1938 461 1964 virilis
479 1942 504 1964 et
523 1939 627 1965 humilis
646 1940 697 1965 296
717 1940 751 1966 58

366 1996 400 2002 —-
420 1983 557 2015 Seraphim
577 1986 616 2009 εει
628 1984 683 2009 laus
696 1985 828 2011 Trinitatis
841 1986 884 2011 Vll
899 1985 949 2012 494

313 2026 346 2051 59
360 2041 394 2045 —-
406 2027 563 2053 antecedens
575 2034 701 2054 canonem
716 2029 806 2055 Missae
820 2030 951 2056 constitui-

312 2074 353 2096 tur
372 2078 403 2096 ex
422 2072 499 2097 laude
512 2073 577 2098 facta
591 2072 692 2099 Christo
705 2080 766 2099 cum
780 2074 858 2100 laude
879 2075 951 2101 Sera-

312 2115 386 2146 phim
399 2114 460 2141 ibid.
470 2129 506 2135 —
518 2117 690 2148 parvulorum
704 2118 833 2150 significat
845 2119 950 2145 laudem

312 2157 406 2184 Christi
425 2159 450 2184 in
469 2160 581 2186 Ecclesia
601 2161 718 2192 gentium
739 2161 790 2188 495
809 2163 843 2188 62

366 2215 401 2221 -
420 2204 511 2235 populi
530 2203 647 2236 ungebat
665 2205 818 2231 Pharisaeos
837 2206 880 2232 Vll
899 2206 950 2231 509

313 2246 347 2271 25
372 2261 406 2264 -
432 2247 491 2272 fleta
520 2250 558 2273 est
587 2249 783 2280 hypocritarum
812 2250 949 2281 prudentia

312 2290 364 2315 510
383 2290 417 2316 27

366 2335 470 2361 LAVARE
487 2350 522 2355 —
540 2336 693 2362 Lavandum
713 2340 752 2362 est
770 2340 850 2369 caput
872 2338 950 2364 inten-

312 2379 402 2410 tionis,
423 2380 504 2411 pedes
529 2381 684 2412 affectionis,
709 2388 802 2407 manus
820 2383 950 2414 operatio-

312 2423 352 2448 nis
371 2424 404 2449 Vl
423 2424 474 2449 598
494 2431 520 2449 ν.
540 2425 555 2449 6
575 2439 609 2443 —
629 2426 743 2451 Lavatur
762 2430 884 2458 peccator
903 2434 950 2459 per

312 2467 441 2499 lacrymas
460 2468 511 2494 374
530 2469 545 2494 9
566 2483 601 2488 -
620 2470 743 2502 Baptizati
763 2474 824 2497 sunt
840 2471 883 2497 loti
897 2472 944 2497 591

312 2518 337 2536 v.
358 2511 392 2537 50

366 2556 480 2581 Lamnus
497 2570 532 2575 —
551 2557 734 2589 interpretatur
753 2559 858 2585 adiutus
874 2567 889 2586 a
903 2561 950 2586 Do-

313 2599 384 2624 mino
405 2600 437 2625 Vl
457 2600 508 2625 399
537 2601 579 2626 30.
609 2601 659 2627 586
688 2610 713 2628 v.
734 2603 743 2627 t
769 2617 803 2621 -—
821 2604 950 2635 significat

313 2642 451 2668 habentem
471 2644 581 2675 gratiam
601 2645 784 2679 adiuvantem‚
803 2647 847 2680 qui
864 2648 950 2673 Domi-

312 2694 375 2713 num
396 2687 479 2718 diligit
496 2690 521 2713 et
540 2687 574 2713 ab
601 2695 633 2714 eo
661 2693 762 2715 amatur
790 2691 842 2715 399
862 2692 894 2716 30
914 2705 949 2711 -

312 2735 367 2757 erat
386 2739 399 2756 a
420 2732 542 2756 Bethania
563 2732 613 2757 394
627 2733 642 2757 2
659 2746 691 2751 -
704 2734 769 2765 Quia
789 2741 892 2760 sorores
906 2736 950 2761 La-

313 2783 402 2801 zarum
422 2776 542 2801 firmitate
561 2776 639 2801 animi
668 2779 693 2802 et
721 2777 816 2803 virtute
841 2779 948 2804 excede-

313 2820 390 2850 bant,
419 2820 477 2845 ideo
505 2820 599 2846 (licitur
626 2821 737 2846 Lazarus
757 2821 836 2847 fuisse
854 2822 888 2848 de
907 2830 949 2848 ca-

312 2865 384 2889 stello
404 2857 497 2889 Mariae
516 2867 541 2889 ct
560 2865 673 2890 Marinae
692 2865 743 2890 39ss
765 2866 796 2891 t2

365 2921 400 2927 —
420 2909 555 2934 lnflrmitas
574 2909 662 2934 Lazari
691 2910 857 2936 denuntiatur
876 2918 889 2936 a
909 2919 948 2937 so-

312 2953 415 2979 roribus
444 2953 555 2978 Domino
584 2954 616 2979 Vl
645 2954 696 2979 395
717 2954 731 2979 4
750 2968 785 2973 -
805 2958 860 2980 erat
878 2962 947 2981 resu-

312 2997 446 3023 scitandus
464 2997 497 3022 ad
518 2997 733 3023 manifestandam
754 2999 863 3030 gloriam
877 2999 948 3025 Chri-

311 3042 341 3067 sti
360 3041 390 3067 ib.
407 3042 423 3067 5
442 3055 476 3060 —
495 3042 662 3067 resuscitatus
682 3046 788 3074 propter
807 3044 946 3074 specialem

311 3092 427 3111 amorem
447 3085 539 3112 Christi
559 3092 620 3117 erga
640 3093 745 3111 sorores
764 3086 819 3112 eius
838 3086 899 3113 ibid.
913 3101 946 3106 -

312 3131 385 3156 ltatio
414 3130 568 3156 infirmitatis
597 3131 684 3155 Lazari
712 3134 767 3155 erat
795 3131 947 3162 gloriflcatio

311 3174 412 3200 Domini
432 3174 492 3200 ibid.

365 3233 397 3236 —
417 3219 504 3244 Lazari
525 3219 660 3244 infirmitas
682 3225 734 3244 non
754 3222 808 3244 erat
828 3219 861 3244 ad
881 3226 947 3245 mor-

311 3266 362 3287 tem
383 3265 410 3287 ut
428 3263 461 3288 ad
482 3263 584 3288 finalem
604 3263 744 3288 terminum
765 3263 834 3288 vitae
847 3263 946 3289 39714

310 3319 344 3323 ——
365 3310 483 3331 mortuus
501 3310 556 3332 erat
583 3307 615 3333 ad
645 3307 754 3338 gloriam
775 3307 821 3332 Dei
840 3307 946 3332 manife-

310 3350 429 3375 standam
451 3351 500 3376 306
522 3352 564 3376 18.
584 3351 634 3376 403
655 3351 687 3376 50
707 3366 741 3369 -
756 3354 874 3377 mortuus
893 3359 945 3377 non

308 3394 394 3425 potuit
412 3395 529 3420 suscitari
550 3394 597 3420 nisi
617 3402 664 3427 per
683 3395 824 3421 Dominum
844 3396 895 3421 398
912 3396 940 3421 21

987 402 1108 420 sororum
1123 395 1179 420 eius
1192 395 1243 420 396
1266 395 1307 421 12.
1322 394 1371 420 400
1385 395 1428 420 31.
1449 394 1498 427 402
1518 394 1558 419 44.
1573 394 1624 420 403

988 439 1021 464 54
1041 454 1075 457 —
1094 439 1262 464 resuscitatus
1281 439 1404 470 precibus
1423 439 1518 464 Mariae
1535 439 1586 464 395
1600 439 1625 464 3.

988 483 1038 508 396
1060 483 1092 507 12
1106 497 1140 502 -
1153 483 1291 508 suscitatur
1310 483 1344 508 ad
1365 483 1467 508 Domini
1484 482 1624 514 imperium

988 526 1039 552 405
1058 527 1091 551 60

1040 584 1075 589 -
1094 572 1262 596 resuscitatus
1281 574 1320 596 est
1334 571 1384 595 iam
1400 570 1525 602 foetidus⁷
1542 575 1571 595 ut
1589 576 1625 595 εε-

987 618 1026 640 εει
1045 615 1140 641 certius
1153 618 1178 641 et
1190 615 1370 640 admirabilius
1383 618 1408 640 et
1422 615 1562 646 gloriosius
1581 614 1626 639 mi-

986 659 1104 684 raculum
1120 659 1151 684 Vl
1166 660 1216 684 399
1231 659 1264 684 27
1277 673 1312 678 -—
1325 666 1376 684 non
1391 659 1498 691 proprio
1508 665 1625 690 egressu,

987 703 1034 729 sed
1064 703 1154 729 divina
1182 703 1278 729 virtute
1309 710 1432 734 egressus
1463 706 1501 728 est
1530 703 1626 735 ligatus

988 747 1039 772 405
1059 748 1092 772 60
1113 761 1146 765 -
1165 748 1334 773 resuscitatus
1362 747 1456 779 triplici
1475 748 1581 772 vinculo
1600 748 1625 772 li-

987 794 1064 823 gatus
1092 792 1202 823 prodiit,
1231 798 1299 824 quae
1327 791 1474 823 significant
1498 792 1624 823 triplicem

987 835 1164 861 difficultatem
1178 839 1356 861 remanentem
1371 839 1430 867 post
1443 836 1624 861 remissionem

988 879 1088 911 peccati
1108 879 1157 905 406
1179 880 1211 904 63

1040 937 1075 942 -
1095 926 1154 954 post
1172 924 1366 949 suscitationem
1386 924 1495 955 prodiit,
1515 924 1626 949 solvitur

987 970 1013 992 et
1030 967 1094 992 abiit
1120 967 1151 992 Vl
1177 967 1224 992 591
1250 967 1264 993 4
1284 982 1319 987 -
1337 968 1447 993 solvitur
1466 975 1479 992 a
1499 968 1625 999 ligamini-

989 1010 1039 1036 bus
1058 1018 1106 1042 per
1125 1011 1258 1037 ministros
1278 1011 1329 1037 405
1349 1012 1381 1037 60
1395 1026 1429 1030 -
1443 1012 1468 1037 ln
1482 1012 1539 1043 ipso
1553 1015 1626 1037 erant

987 1055 1065 1087 ligata
1085 1055 1175 1086 facies,
1195 1055 1292 1087 pedes,
1311 1063 1404 1081 manus
1423 1056 1473 1081 593
1494 1064 1519 1081 v.
1540 1056 1572 1081 43
1590 1071 1625 1074 —

988 1100 1013 1124 ln
1042 1105 1124 1124 coena
1144 1102 1202 1131 post
1221 1100 1445 1125 resuscitationem
1464 1107 1540 1126 suam
1559 1101 1624 1126 facta

988 1143 1100 1168 Lazarus
1119 1150 1170 1169 non
1189 1143 1366 1175 ministrabat,
1379 1144 1427 1169 sed
1441 1144 1625 1175 manducabat,

989 1189 1017 1211 ut
1035 1187 1233 1212 resurrectionis
1251 1188 1347 1212 veritas
1367 1187 1522 1219 probaretur
1541 1187 1592 1213 410
1610 1189 1625 1213 2

1041 1245 1076 1248 -
1103 1231 1236 1262 Principes
1260 1231 1426 1257 sacerdotum
1445 1232 1626 1263 cogitaverunt

988 1274 1108 1300 occidere
1127 1276 1253 1300 Lazarum
1278 1275 1445 1306 suscitatum,
1470 1275 1532 1308 quia
1552 1276 1625 1301 multi

988 1322 1096 1352 propter
1114 1326 1175 1345 eum
1194 1319 1336 1345 credebant
1356 1320 1388 1345 Vl
1409 1319 1458 1345 413
1480 1320 1512 1345 14

1041 1378 1074 1382 -
1095 1364 1224 1395 languens
1242 1363 1372 1395 significat
1395 1364 1495 1396 peccati
1514 1364 1626 1390 delecta-

988 1408 1111 1439 ctionem,
1130 1408 1245 1434 moriens
1271 1411 1406 1440 peccatum
1437 1409 1462 1434 in
1481 1415 1626 1440 consensu,

988 1453 1178 1485 quatrIduanus
1209 1456 1234 1478 et
1266 1452 1378 1478 foetidus
1413 1456 1565 1485 peccantem
1601 1453 1625 1478 in

988 1504 1076 1529 opere,
1096 1497 1285 1523 consuetudine
1309 1500 1335 1523 et
1359 1498 1460 1529 peccati
1488 1498 1626 1530 impuden-

989 1542 1022 1567 tia
1041 1542 1074 1567 Vl
1094 1542 1145 1567 399
1166 1542 1200 1567 30
1220 1556 1256 1560 —
1274 1542 1403 1574 significat
1416 1545 1581 1574 peccatorem
1596 1550 1625 1569 ex

989 1587 1178 1612 consuetudine
1198 1586 1249 1612 563
1269 1594 1296 1612 v.
1317 1587 1348 1612 28
1368 1600 1403 1606 --
1422 1587 1470 1612 Per
1488 1587 1625 1619 Lazarum,

989 1631 1040 1656 iam
1068 1631 1095 1656 in
1123 1631 1190 1656 virili
1219 1634 1316 1661 aetate,
1345 1631 1396 1656 iam
1420 1632 1624 1664 quatriduanum

988 1677 1121 1698 mortuum
1141 1676 1165 1698 et
1185 1673 1310 1699 foetidum
1330 1673 1356 1698 in
1385 1674 1506 1705 sepulcro
1534 1675 1625 1700 intelli-

988 1717 1058 1749 gitur
1072 1720 1153 1743 status
1167 1717 1331 1748 peccantium
1346 1725 1393 1749 per
1407 1719 1626 1744 consuetudinem

990 1761 1040 1786 172
1061 1762 1102 1786 32.
1123 1761 1175 1786 215
1194 1761 1229 1786 95

1041 1819 1075 1823 -
1104 1805 1151 1830 Per
1176 1806 1302 1830 Lazarum
1331 1805 1507 1837 intelliguntur
1535 1807 1626 1838 poeni-

988 1851 1070 1874 tentes
1088 1849 1120 1874 vt
1139 1849 1191 1875 592
1211 1855 1236 1874 v.
1257 1850 1273 1875 5
1292 1863 1327 1868 —
1346 1850 1371 1874 ln
1391 1853 1475 1876 morte
1494 1851 1581 1876 Lazari
1595 1851 1626 1876 si-

989 1892 1161 1924 gnificabatur
1180 1898 1267 1918 nostra
1297 1894 1400 1919 miseria
1421 1894 1470 1919 404
1491 1895 1525 1920 57
1544 1908 1580 1913 -
1599 1896 1624 1921 ln

988 1937 1120 1969 sepultura
1140 1937 1228 1962 Lazari
1247 1938 1390 1969 significata
1421 1938 1467 1964 fuit
1485 1939 1626 1970 spiritualis

987 1982 1119 2013 sepultura
1139 1982 1284 2013 peccatoris
1296 1983 1322 2008 in
1336 1983 1525 2009 consuetudine
1544 1984 1595 2010 585
1611 1985 1620 2009 1

1041 2039 1076 2045 -
1095 2025 1226 2052 mendicus
1238 2031 1367 2059 aggravat
1380 2028 1624 2054 immisericordiam

988 2070 1126 2100 divitisex
1145 2071 1346 2097 circumstantiis
1359 2072 1402 2097 Vll
1417 2072 1467 2097 417
1482 2072 1524 2103 41,
1544 2072 1577 2098 42
1591 2087 1625 2091 -

988 2114 1126 2140 mendicus
1153 2118 1208 2140 erat
1233 2119 1337 2141 sanctus
1361 2120 1386 2141 et
1413 2116 1500 2142 bonus
1521 2117 1571 2142 418
1592 2117 1625 2142 44

987 2172 1022 2176 -
1052 2159 1098 2184 fuit
1125 2165 1188 2184 vere
1217 2159 1355 2185 derelictus
1386 2159 1418 2186 ib.
1448 2160 1480 2185 43
1513 2175 1544 2179 ——
1574 2168 1625 2186 non

989 2204 1091 2233 poterat
1109 2209 1124 2227 a
1143 2210 1172 2228 se
1190 2210 1329 2229 removere.
1357 2210 1448 2236 canes,
1473 2211 1521 2229 nec
1540 2205 1626 2230 visita-

988 2247 1028 2270 tor
1047 2249 1110 2276 erat,
1124 2247 1170 2279 qui
1184 2250 1333 2273 removeret
1351 2247 1413 2273 ibid.
1427 2262 1461 2266 -—
1474 2248 1555 2274 Nemo
1569 2249 1626 2274 eius

988 2290 1119 2316 relevabat
1139 2294 1298 2322 egestatem,
1318 2292 1404 2317 nullus
1423 2292 1499 2317 etiam
1521 2292 1626 2318 fovebat

987 2333 1162 2359 infirmitatem
1182 2334 1244 2361 ibid.

1040 2391 1075 2397 —
1094 2379 1208 2404 moriens
1226 2379 1260 2405 ab
1279 2380 1385 2412 Angelis
1402 2381 1544 2412 suscipitur
1557 2383 1581 2406 et
1600 2381 1625 2406 in

988 2422 1074 2448 locum
1094 2423 1167 2454 pacis
1185 2424 1339 2455 deportatur
1353 2425 1395 2450 Vll
1410 2424 1459 2450 418
1474 2425 1507 2450 44
1521 2439 1555 2442 ——
1569 2425 1625 2450 Non

987 2466 1165 2498 dedignantur
1184 2475 1244 2494 eum
1259 2471 1364 2500 portare
1377 2469 1483 2501 Angeli,
1496 2469 1537 2495 cui
1552 2469 1625 2501 prius

987 2511 1028 2536 hic
1048 2511 1230 2538 ministrabant
1255 2512 1316 2539 ibid.
1345 2527 1379 2531 —
1398 2517 1517 2546 portatur
1536 2514 1560 2539 in
1589 2514 1625 2539 lo-

987 2562 1047 2581 cum
1061 2556 1156 2589 quietis
1168 2555 1229 2583 ibid.
1244 2572 1278 2575 —
1292 2558 1318 2583 in
1337 2558 1395 2583 sinu
1416 2558 1537 2584 Abrahae
1556 2558 1625 2590 posi-

987 2603 1028 2626 tus
1040 2604 1079 2626 est
1091 2604 1117 2626 et
1130 2601 1164 2626 ab
1177 2601 1301 2627 omnibus
1314 2603 1389 2628 malis
1402 2610 1449 2628 sua
1464 2605 1548 2628 morte
1562 2602 1625 2628 libe-

986 2647 1057 2670 ratus
1075 2643 1137 2670 ibid.
1156 2659 1190 2663 —
1210 2646 1310 2677 positus
1330 2647 1377 2672 fuit
1389 2647 1414 2672 in
1429 2647 1486 2672 loco
1499 2654 1624 2678 supremo

987 2688 1012 2713 in
1032 2689 1123 2721 requie
1142 2692 1167 2714 et
1185 2689 1344 2715 abundantia
1365 2690 1415 2716 420
1436 2690 1468 2716 48

1038 2745 1073 2751 -
1092 2733 1190 2764 recepit
1209 2734 1276 2758 mala
1296 2734 1329 2759 ad
1343 2737 1448 2765 tempus
1460 2734 1493 2760 ad
1508 2741 1624 2766 purgan-

986 2776 1050 2801 dum
1071 2777 1137 2801 mala
1158 2777 1251 2808 culpae
1264 2781 1289 2802 et
1302 2778 1335 2802 ad
1350 2778 1540 2810 acquirendum
1555 2779 1622 2804 bona

987 2820 1113 2845 felleitatis
1133 2823 1252 2845 aeternae
1277 2821 1317 2846 Vll
1346 2821 1396 2847 422
1418 2822 1451 2847 55
1470 2837 1505 2840 -
1524 2823 1622 2855 aliquid

987 2863 1045 2888 mali
1070 2863 1172 2895 habuit,
1201 2865 1246 2890 sed
1268 2865 1336 2896 ignis
1361 2865 1464 2897 inopiae
1482 2874 1543 2892 eum
1564 2874 1623 2899 pur-

985 2908 1058 2939 gavit
1076 2907 1109 2934 ib.
1128 2908 1161 2934 54

1039 2953 1135 2978 Lscrus
1153 2966 1188 2972 —
1207 2956 1246 2979 est
1264 2955 1337 2980 locus
1355 2954 1463 2987 quietis,
1477 2956 1622 2982 solitudInis

985 3000 1010 3022 et
1028 2997 1190 3023 contubernii
1210 2999 1332 3030 nuptialis
1351 2999 1392 3024 Vll
1415 2999 1464 3024 446
1485 2999 1518 3024 58
1536 3014 1571 3019 -
1584 3005 1622 3026 εει

986 3041 1067 3073 flgura
1088 3045 1169 3067 status
1188 3042 1450 3074 contemplativorum
1471 3042 1532 3069 ibid.

1037 3099 1073 3105 -··
1092 3086 1118 3111 ln
1138 3087 1202 3112 lecto
1221 3087 1319 3112 accidia
1341 3087 1492 3118 designatur
1506 3088 1548 3113 Vll
1570 3089 1619 3113 196

985 3131 1018 3155 23
1037 3144 1072 3149 -
1091 3131 1251 3163 Quaerentes
1270 3130 1401 3157 Christum
1431 3131 1456 3156 in
1481 3132 1545 3157 lecto
1565 3139 1621 3157 car-

985 3175 1049 3200 nalis
1068 3175 1208 3207 voluptatis
1227 3182 1278 3201 non
1298 3175 1432 3201 inveniunt
1452 3176 1482 3200 Vl
1504 3176 1554 3201 572
1576 3177 1590 3201 3

1036 3233 1072 3238 -
1091 3219 1216 3245 delicatus
1243 3219 1382 3245 damnatur
1404 3226 1418 3244 a
1448 3218 1549 3245 Christo
1579 3220 1620 3245 Vll

985 3263 1016 3289 47
1037 3264 1069 3289 13

1037 3309 1146 3333 Lucumo
1178 3321 1210 3326 —
1240 3307 1279 3333 Ad
1308 3307 1497 3339 impetrandam
1527 3314 1618 3339 pacem

983 3351 1111 3377 debemus
1130 3351 1298 3383 praemittere
1325 3351 1480 3382 legationem
1505 3351 1547 3377 vn
1568 3352 1619 3377 380

984 3395 1017 3421 64
1036 3410 1070 3414 -—
1099 3396 1146 3421 Per
1174 3395 1329 3427 legationem
1358 3395 1522 3421 sacerdotum
1549 3396 1618 3421 inve-

1958 307 2016 333 [ΕΡ

1663 351 1766 376 niemus
1785 351 1885 382 Regem
1911 352 2041 383 placatum
2071 350 2132 377 ibid.
2161 366 2197 371 —
2215 353 2301 378 Missio

1662 394 1798 426 legationis
1816 399 1876 420 sunt
1901 395 2043 426 orationes,
2062 402 2130 428 quas
2148 403 2196 427 pro
2225 396 2300 422 nobis

1663 439 1755 470 Angeli
1785 442 1844 464 ante
1869 442 2039 470 conspectum
2065 440 2168 465 Domini
2198 443 2302 471 portant

1642 507 1645 519 Ι
1663 482 1714 507 379
1735 482 1768 507 64
1783 496 1816 500 -—
1831 483 1954 508 mittenda
1969 486 2007 508 est
2020 490 2068 514 pro
2086 484 2233 515 repellenda
2252 491 2301 516 pu-

1663 533 1714 557 gna
1744 526 1927 557 tentationum,
1957 526 2107 552 divinarum
2138 527 2301 559 disceptatio-

1663 577 1725 595 num
1747 573 1772 595 ει
1790 570 1986 596 tribulationum
2007 571 2058 596 380
2078 571 2111 596 64

1715 614 1792 639 Lecto
1810 627 1845 632 —
1864 616 1977 640 contInet
1996 621 2039 640 sex
2059 615 2120 640 mila
2138 618 2258 641 sexcenta
2275 619 2301 641 et

1662 657 1795 689 sexaginta
1814 665 1858 683 sex
1880 658 1921 684 Vll
1941 658 1991 684 204
2012 658 2046 683 54

1716 702 1892 728 Lsscispizmws
1909 717 1944 720 —
1963 709 2015 728 non
2034 702 2199 735 requirebat,
2218 706 2246 729 ut
2264 703 2302 729 di-

1663 747 1761 775 sceret,
1780 744 1827 770 sed
1846 748 1874 770 ut
1893 744 2031 777 probaret,
2060 745 2127 771 sicut
2154 746 2235 771 moris
2262 749 2302 771 est

1663 788 1785 820 superbis
1805 789 1847 813 Vll
1867 789 1917 814 266
1939 789 1971 814 44
1986 803 2020 807 -
2042 790 2221 822 quaestionem
2242 790 2302 816 facit

1663 832 1696 857 de
1715 832 1825 858 veritate
1843 833 1962 864 salutari,
1981 833 2042 865 quia
2062 834 2243 865 magisterium
2263 841 2301 860 sa-

1663 876 1722 902 lutis
1741 876 1913 908 profitebatur
1932 877 2050 903 Christus
2063 877 2122 904 ibid.
2137 892 2172 897 —
2185 885 2236 904 non
2250 883 2302 904 stu-

1663 921 1744 953 dio-se,
1763 921 1808 946 sed
1829 922 1931 947 curiose
1945 922 2056 954 quaerit,
2069 923 2133 955 quid
2154 923 2302 949 faciendum

1662 972 1711 996 pro
1731 965 1784 990 vita
1803 958 1909 990 aeterna
1927 965 1989 991 ibid.

1716 1023 1750 1027 —
1769 1009 1896 1041 putabat,
1915 1017 1943 1035 se
1962 1013 2031 1035 stare
2050 1017 2100 1036 non
2121 1014 2178 1036 ante
2202 1011 2301 1042 Deum,

1662 1053 1709 1078 sed
1728 1056 1787 1078 ante
1806 1054 1940 1079 hominem
1961 1054 2003 1079 Vll
2025 1054 2075 1079 268
2096 1054 2124 1079 5l
2142 1069 2178 1073 —-
2197 1055 2302 1081 volebat

1663 1104 1690 1122 se
1709 1104 1868 1129 praeparare
1895 1098 1929 1123 ad
1957 1098 2079 1123 iustitiam
2100 1105 2147 1130 por
2166 1105 2194 1124 se
2214 1099 2301 1131 ipsum

1662 1140 1724 1167 ibid.
1743 1156 1777 1160 —
1796 1142 1853 1168 eius
1872 1142 2015 1168 intellectus
2043 1142 2201 1169 illuminatur
2227 1143 2301 1169 mira-

1663 1184 1705 1210 bili
1726 1186 1930 1212 manuductione
1942 1186 1993 1212 270
2014 1187 2047 1211 60

1715 1243 1751 1248 -
1769 1229 1818 1255 sibi
1838 1231 1937 1262 peritus
1952 1235 1977 1256 et
1995 1238 2107 1263 magnus
2121 1238 2177 1257 esse
2197 1230 2302 1258 videba-

1664 1276 1705 1298 tur
1725 1274 1766 1299 Vll
1787 1274 1838 1299 306
1859 1275 1892 1299 90

1715 1331 1751 1336 —
1769 1319 1986 1344 contumeliosum
2000 1322 2103 1350 putant,
2117 1319 2151 1344 ab
2164 1320 2250 1352 aliquo
2264 1327 2302 1345 ar·

1664 1362 1708 1393 gui
1730 1362 1771 1387 Vll
1790 1362 1841 1387 306
1863 1363 1895 1387 90
1915 1376 1950 1381 —
1974 1363 2120 1388 doctrinam
2145 1370 2236 1389 sanam
2257 1371 2302 1395 pu-

1663 1408 1719 1431 tant
1738 1406 1922 1431 contumeliam
1943 1406 2005 1432 ibid.
2024 1421 2059 1426 -—
2073 1407 2187 1433 tulerunt
2198 1408 2300 1434 clavem

1663 1450 1787 1476 scientiae
1805 1454 1932 1483 quantum
1952 1451 1986 1476 ad
2005 1451 2119 1477 officium
2133 1452 2302 1484 dispensatio-

1664 1495 1703 1520 nis
1722 1495 1857 1520 doctrinae
1877 1495 1927 1520 309
1948 1496 1981 1520 99
2006 1509 2041 1514 -—
2065 1503 2119 1521 non
2138 1499 2208 1522 recte
2226 1497 2302 1522 doce-

1664 1540 1740 1570 bant,
1759 1540 1821 1572 quia
1842 1539 2009 1571 negligebant
2037 1547 2065 1566 se
2084 1541 2156 1572 ipsos
2174 1544 2200 1566 et
2218 1541 2301 1573 impe-

1664 1583 1770 1610 diebant
1788 1584 1852 1610 alios
1881 1583 1942 1610 ibid.
1962 1599 1997 1602 —
2020 1584 2164 1611 onerabant
2182 1585 2302 1610 homines

1664 1629 1811 1660 praeceptis
1830 1632 1855 1654 et
1875 1628 2056 1655 traditionibus
2076 1630 2262 1662 superstitiosis
2276 1633 2301 1655 et

1664 1672 1797 1698 inutilibus
1816 1673 1866 1698 306
1887 1673 1915 1698 91

1716 1731 1751 1735 -
1771 1717 1850 1742 multa
1870 1717 1993 1742 dicebant
2012 1721 2037 1743 et
2062 1725 2146 1749 pauca
2174 1717 2302 1744 faciebant

1664 1760 1705 1785 Vll
1732 1761 1782 1785 306
1802 1761 1831 1786 91
1865 1776 1899 1779 -
1923 1761 2055 1787 habebant
2073 1761 2163 1794 verba,
2183 1762 2229 1788 sed
2248 1769 2300 1788 non

1664 1806 1729 1830 facta
1749 1805 1800 1830 309
1821 1805 1871 1830 100
1892 1819 1924 1823 -
1944 1806 2019 1832 malis
2047 1807 2174 1838 exemplis
2199 1810 2224 1832 et
2243 1814 2299 1839 per-

1663 1849 1746 1875 versis
1765 1849 1889 1875 doctrinis
1908 1850 2075 1876 retrahebant
2088 1851 2216 1883 populum
2230 1858 2244 1876 a
2258 1851 2301 1876 via

1663 1896 1732 1919 recta
1752 1892 1814 1919 ibid.
1834 1907 1870 1912 —
1889 1893 1939 1919 Cor
1959 1901 2051 1920 eorum
2071 1898 2126 1920 erat
2139 1895 2299 1921 obduratum

1663 1941 1688 1963 et
1706 1941 1881 1969 aggravatum
1895 1938 2027 1964 audiendo
2041 1938 2152 1964 verbum
2167 1940 2301 1970 divinum,

1663 1982 1734 2015 quod
1754 1982 1945 2014 impugnabant
1964 1981 1998 2008 ib.
2019 1983 2063 2007 101

1716 2027 1767 2052 Lt-:o
1786 2041 1819 2045 —
1840 2027 1886 2052 Per
1906 2027 2008 2052 leonem
2028 2027 2178 2059 intelligitur
2191 2031 2301 2060 potesta-

1664 2071 1695 2096 tis
1714 2071 1854 2097 auctoritas
1884 2072 1925 2097 Vll
1956 2072 2005 2097 143
2025 2072 2059 2097 34
2078 2087 2111 2090 --
2132 2073 2179 2098 Per
2198 2073 2300 2098 leonem

1663 2115 1811 2147 intelligitur
1830 2115 1922 2141 vitium
1942 2115 2083 2147 superbiae
2102 2117 2135 2142 Vl
2156 2117 2201 2142 181
2227 2125 2252 2141 ν.
2267 2117 2300 2142 20

1662 2173 1697 2179 -
1710 2163 1770 2185 sunt
1788 2160 1908 2185 animalia
1929 2160 2003 2185 fortia
2020 2163 2045 2185 et
2058 2160 2161 2192 rapacia
2175 2159 2208 2186 ib.
2223 2168 2248 2186 v.
2268 2162 2299 2186 -18

1716 2205 1798 2230 Lerna
1818 2219 1853 2222 —
1873 2204 1941 2237 Quid
1969 2205 2002 2230 sit
2027 2204 2136 2231 morbus
2163 2205 2251 2237 leprae
2276 2209 2301 2232 et

1662 2248 1718 2273 eius
1737 2249 1839 2280 species
1858 2248 1900 2274 Vll
1923 2249 1971 2274 122
1997 2249 2030 2274 36
2052 2263 2085 2267 -
2104 2252 2142 2275 εει
2165 2250 2300 2276 infirmitas

1663 2291 1824 2324 incurabilis,
1844 2293 1956 2318 maxime
1974 2300 2034 2318 cum
2057 2297 2095 2319 est
2114 2294 2227 2320 radicata
2249 2294 2299 2319 119

1663 2336 1696 2361 25
1709 2350 1741 2354 -
1757 2340 1795 2361 εει
1814 2336 1948 2362 infirmitas
1967 2337 2130 2368 incurabilis,
2149 2345 2229 2370 quam
2250 2338 2300 2363 Do-

1663 2380 1749 2405 minus
1778 2381 1879 2406 sanavit
1903 2381 1934 2406 Vl
1955 2382 2007 2407 587
2026 2382 2043 2406 7
2070 2395 2105 2400 -
2134 2385 2172 2407 εει
2191 2381 2301 2408 morbus

1663 2423 1816 2449 miserabilis
1835 2425 1986 2450 calamitatis
2000 2425 2042 2450 Vll
2058 2425 2107 2450 434
2121 2425 2155 2451 24
2168 2440 2204 2444 -
2216 2428 2300 2452 aufert

1662 2467 1809 2493 remedium
1838 2468 1914 2501 artis,
1933 2469 2018 2500 privat
2042 2469 2131 2495 solatio
2157 2470 2299 2502 societatis,

1661 2512 1751 2544 affligit
1772 2513 1925 2543 gravamine
1944 2513 2099 2539 infirmitatis
2118 2513 2180 2540 ibid.

1714 2570 1749 2575 —
1769 2557 1815 2581 Per
1839 2557 1938 2588 lepram
1967 2558 2116 2589 intelligitur
2142 2558 2238 2584 invidia
2265 2559 2297 2583 Vl

1661 2600 1712 2626 587
1731 2600 1747 2625 7
1767 2614 1802 2620 -
1821 2602 1920 2633 Leprae
1939 2602 2042 2628 infectio
2062 2602 2192 2634 significat
2211 2610 2299 2628 corru-

1661 2645 1777 2676 ptionem
1805 2646 1918 2671 malitiae
1946 2646 1989 2672 Vll
2011 2647 2060 2672 103
2087 2647 2120 2672 56
2138 2661 2174 2666 -
2193 2646 2298 2673 Morbus

1661 2690 1748 2720 leprae
1775 2690 1896 2721 designat
1923 2693 1992 2716 recte
2024 2694 2159 2722 peccatum
2190 2691 2298 2717 mortale

1661 2734 1706 2758 121
1732 2734 1775 2759 31.
1801 2735 1848 2759 122
1869 2735 1911 2759 36.
1935 2735 1982 2759 128
2003 2735 2036 2759 60
2056 2749 2091 2753 —-
2105 2735 2226 2766 designat
2239 2742 2298 2761 con-

1660 2777 1790 2809 tagionem
1812 2778 1836 2802 in
1862 2779 2043 2804 conversando
2070 2779 2120 2803 177
2142 2779 2174 2804 46
2194 2793 2228 2797 --
2247 2779 2297 2811 spi-

1659 2821 1783 2847 ritualiter
1802 2822 1932 2853 significat
1951 2822 2043 2847 vitium
2073 2826 2161 2848 contra
2180 2823 2298 2848 christia-

1659 2872 1718 2890 nam
1737 2866 1888 2897 religionem
1910 2865 1960 2891 434
1980 2866 2013 2891 27

1712 2924 1746 2928 —
1765 2910 1905 2942 spiritualis
1923 2913 2029 2935 curatur
2051 2917 2097 2942 per
2124 2911 2295 2937 ministerium

1659 2954 1800 2980 sacerdotis
1821 2955 1862 2979 Vll
1884 2954 1935 2979 435
1962 2954 2012 2980 435
2033 2955 2066 2979 29
2085 2969 2119 2973 --
2145 2955 2237 2987 culpae
2255 2962 2296 2980 sa-

1659 3002 1735 3024 natur
1754 3006 1801 3030 per
1820 2999 1981 3024 voluntatem
2002 2999 2094 3024 Christi
2108 2999 2141 3024 Vl
2156 3000 2206 3025 626
2221 3007 2247 3024 ν.
2261 3000 2289 3024 21

1710 3056 1745 3061 -
1765 3042 1904 3068 revelanda
1925 3045 1963 3068 est
1991 3043 2171 3068 sacerdotibus
2192 3044 2223 3068 Vl
2245 3044 2289 3068 121

1659 3087 1686 3111 31
1711 3100 1746 3104 -
1765 3086 1891 3112 Iudicium
1911 3087 1944 3111 dc
1965 3087 2019 3118 ipsa
2040 3090 2139 3118 spectat
2158 3087 2190 3112 ad
2213 3094 2295 3112 sacer-

1658 3132 1745 3156 dotem
1766 3131 1808 3156 Vll
1830 3130 1880 3156 435
1900 3132 1933 3156 28
1952 3146 1986 3149 —-
2006 3131 2112 3162 Leprosi
2130 3131 2248 3156 mundati
2261 3134 2295 3156 te-

1657 3175 1786 3200 nebantur
1814 3176 1907 3200 offerre
1932 3175 1999 3201 duos
2027 3182 2146 3206 passeres
2175 3175 2250 3200 vivos
2269 3179 2294 3200 et

1657 3222 1750 3245 tortam
1765 3219 1840 3250 panis
1852 3223 1877 3244 et
1896 3219 2036 3244 sextarium
2055 3219 2103 3244 olei
2122 3219 2164 3244 121
2190 3220 2222 3244 32

1710 3264 1813 3289 [Ερκοει
1834 3277 1867 3281 -
1887 3262 1983 3289 debent
2002 3262 2098 3288 habere
2111 3269 2244 3288 recursum
2259 3262 2292 3287 ad

1657 3308 1758 3333 Patrem
1778 3307 1972 3332 misericordiae
1998 3307 2040 3332 Vll
2066 3306 2116 3332 434
2136 3307 2169 3332 24
2189 3321 2223 3324 -
2243 3307 2290 3331 Do-

1656 3352 1744 3377 minus
1769 3354 1837 3377 tactu
1864 3358 1958 3376 manus
1983 3350 2084 3376 sanavit
2103 3351 2235 3382 leprosum
2260 3350 2291 3375 Vl

1656 3395 1707 3421 564
1727 3403 1752 3421 v.
1772 3395 1804 3420 14
