2476 3921
178 898 277 920 Secunda

153 925 299 973 eauffissfia-
308 943 472 980 planyendi
485 942 528 970 est
548 943 578 970 in
592 941 731 969 Ecclesiae
753 939 938 967 tribulatione
947 960 955 974 ‚
970 937 1082 972 tempus
1098 935 1230 964 saltandi
1244 934 1273 962 et

157 1005 226 1026 Causa
230 1004 299 1051 d'ilati-

310 275 374 307 608

306 361 436 391 ambulat
464 368 549 396 super
576 357 698 395 quatuor
724 357 825 393 pedes,
854 356 902 385 sed
922 354 1009 383 habet
1027 353 1156 389 longiora
1183 359 1267 380 crura

308 411 400 445 retro,
421 418 472 446 per
493 416 565 445 quae
586 407 653 436 salit
667 415 752 442 super
766 405 889 438 terram,
911 403 1052 433 comedere
1066 401 1174 430 debetis
1188 411 1216 434 »3
1237 400 1267 428 in

309 459 451 489 Canticis:
479 469 493 483 (ι
506 457 577 486 Εο00
589 478 596 491 ,
617 455 672 484 iste
692 454 785 488 venit,
807 454 912 482 saliens
930 453 960 480 in
984 450 1143 484 montibus,
1165 449 1267 477 transi-

307 509 380 537 liens
401 508 486 536 001103
499 518 528 534 ».
547 506 602 534 Ρο1
615 505 727 533 montes
739 501 941 539 intelliguntur
955 501 1003 537 qui
1016 500 1047 528 in
1060 498 1186 528 Ecclesia
1201 497 1269 525 sunt

309 556 521 589 eminentiorem
542 555 571 582 in
597 553 698 589 quibus
718 551 806 587 salit,
834 551 900 587 quia
920 548 1093 578 visitationis
1121 555 1188 575 suae
1210 546 1269 573 dul-

309 606 374 634 cedo
388 613 445 634 non
466 603 577 637 manet,
600 602 649 631 sed
667 601 788 635 transit,
810 600 843 628 ut
864 599 932 628 dicit
960 598 1074 627 Glossa:
1095 608 1109 622 α
1125 594 1271 625 Transilit

310 653 411 689 colles,
432 653 498 689 quia
520 659 620 688 parum
641 649 765 679 elevatos
786 646 923 684 relinquit
942 654 1010 675 suae
1030 640 1186 674 excessivae
1210 642 1270 671 dul-

309 703 414 731 cedinis
438 700 566 737 expertes
580 710 609 734 »;
638 707 690 735 pro
713 699 836 733 utroque
857 696 956 725 contra
978 694 1128 730 reprobos,
1150 692 1179 721 in
1200 691 1272 720 Mat-

309 749 435 779 thaeo¹:
462 761 477 775 α
491 749 647 777 Cecinimus
668 747 762 780 vobis,
790 745 820 774 et
846 753 904 774 non
931 743 1075 777 saltastis3
1106 740 1272 770 lamentavi-

312 808 392 833 mus,
414 798 443 827 et
463 806 520 826 non
541 796 692 833 planxistis
706 807 735 823 ».

391 848 421 875 4.
443 846 574 882 Amplius
595 844 713 873 secundo
735 843 769 871 fit
788 842 857 871 11300
877 840 998 870 variatio
1020 839 1152 877 planctus
1173 838 1201 867 et
1216 838 1273 866 sal-

312 896 360 924 tus
374 904 426 931 pro
440 895 607 924 diversitate
622 892 825 928 temporalium
846 891 1006 919 eventuum.
1026 889 1148 924 Tempus
1162 887 1273 923 quidem

310 993 427 1029 yratias
452 991 570 1027 ayencli,
598 991 628 1018 in
656 989 796 1018 Ecclesiae
823 986 1004 1015 relevatione.
1032 985 1077 1013 Ad
1104 985 1156 1013 hoc
1183 991 1273 1019 genus

313 1040 445 1077 planctus
465 1038 599 1068 invitavit
619 1035 776 1066 Ieremias²
798 1036 907 1064 dicens:
931 1046 946 1060 «
959 1035 1049 1070 Super
1069 1032 1178 1062 montes
1192 1040 1273 1060 assu-

313 1098 388 1118 mam
408 1088 506 1117 fletum
527 1096 560 1116 ac
579 1086 735 1115 lamentum
757 1085 785 1114 et
813 1093 898 1120 super
919 1084 1043 1119 speciosa
1070 1081 1174 1110 deserti
1195 1081 1273 1116 plan-

314 1138 406 1171 ctum,
428 1137 560 1173 quoniam
574 1136 687 1164 incensa
709 1133 777 1162 sunt
790 1145 804 1159 n
818 1144 825 1167 ς
840 1133 869 1161 et
889 1132 978 1161 infra:
1006 1142 1020 1156 <c
1032 1131 1057 1159 A
1077 1131 1189 1159 volucre
1203 1129 1273 1158 caeli

313 1194 401 1221 usque
422 1185 459 1214 ad
486 1192 586 1220 pecora
610 1181 889 1219 transmigraverunt
910 1181 939 1209 et
966 1179 1142 1209 recesserunt
1156 1190 1184 1206 1).
1213 1178 1274 1206 Ηο0

314 1235 381 1263 dicit
400 1234 535 1263 Ieremias
557 1232 597 1261 ad
616 1232 743 1260 litteram
767 1231 800 1259 de
821 1230 980 1259 vastatione
1001 1229 1076 1258 facta
1098 1228 1274 1264 Synayoyae

314 1293 364 1321 per
386 1284 556 1317 Chaldaeos;
577 1283 651 1319 quod
675 1283 769 1310 verius
797 1281 891 1317 potest
911 1280 1033 1316 intelligi
1060 1280 1093 1308 de
1114 1278 1274 1307 vastatione

314 1333 463 1362 Ecclesiae
483 1332 559 1360 facta
586 1339 636 1367 per
656 1330 783 1359 homines
811 1329 984 1362 immundos,
1006 1328 1066 1364 qui,
1096 1327 1169 1356 sicut
1189 1327 1273 1362 Syna-

314 1390 389 1417 goga
409 1380 596 1413 adversitate,
619 1380 659 1407 sic
674 1379 801 1407 subversi
813 1377 824 1392 ³
840 1378 907 1406 sunt
928 1376 1126 1413 prosperitate.
1141 1376 1274 1410 Montes,

314 1429 343 1458 id
365 1429 408 1458 est
429 1429 483 1457 viri
503 1427 698 1462 ecclesiastici3
719 1427 848 1462 speciosa
876 1426 995 1461 deserti,
1017 1425 1045 1453 id
1070 1424 1115 1453 est
1136 1424 1274 1459 religiosi;

314 1478 459 1513 volucres,
480 1476 509 1505 id
530 1476 573 1505 est
594 1476 701 1510 clerici;
717 1483 841 1511 pecora,
862 1475 891 1503 id
911 1474 955 1503 est
974 1474 1048 1502 laici.
1070 1473 1149 1501 Unde
1175 1472 1276 1500 Glossa

315 1526 369 1555 ibi:
396 1537 411 1551 <z
425 1526 514 1561 Super
535 1524 645 1554 montes
665 1523 750 1552 fletus
771 1523 927 1552 assumitur
947 1522 976 1551 et
1002 1521 1169 1550 lamentatio
1191 1528 1276 1556 super

317 1575 441 1610 speciosa
462 1573 580 1607 deserti,
602 1573 668 1601 dum
683 1571 800 1608 peccant
821 1572 962 1607 principes
982 1570 1139 1603 Ecclesiae,
1161 1569 1190 1597 et
1203 1568 1277 1597 nihil

315 1623 345 1651 in
367 1631 400 1651 ea
419 1622 563 1650 invenitur
584 1621 760 1650 substantiae
788 1620 855 1653 Dei,
877 1627 928 1647 nec
955 1618 1070 1647 auditur
1096 1626 1150 1646 vox
1171 1617 1278 1645 Christi

316 1671 469 1700 Ecclesiam
490 1670 659 1706 possidentis
673 1681 701 1697 n.
723 1669 768 1697 Ad
781 1669 833 1698 1100
854 1664 1006 1703 respiciens
1026 1667 1099 1695 idem
1120 1666 1254 1694 Ieremias
1266 1664 1277 1679 ⁴

317 1719 398 1748 dicit:
425 1731 440 1745 (ι
455 1719 522 1753 Quis
543 1719 622 1747 dabit
641 1718 728 1754 capiti
748 1725 809 1746 meo
829 1725 932 1752 aquam
960 1715 988 1744 et
1017 1715 1103 1744 oculis
1124 1715 1192 1743 meis
1216 1714 1279 1743 fon-

316 1769 374 1797 tem
393 1768 603 1804 lacrymarum?
622 1767 662 1795 Et
682 1766 798 1802 plorabo
818 1766 861 1794 die
875 1773 908 1794 ac
921 1764 1002 1793 nocte
1022 1763 1184 1792 interfectos
1203 1763 1278 1791 filiae

319 1817 417 1852 populi
438 1817 535 1845 mei».
557 1816 602 1844 Sic
624 1815 732 1848 David,
762 1814 881 1843 secundo
902 1813 1025 1849 Regum:
1052 1824 1067 1838 «
1080 1812 1197 1841 Planxit
1224 1812 1277 1840 Da-

1185 261 1418 296 PROOEMIUM.

1331 349 1437 379 Christi
1459 349 1596 385 sanguine
1611 346 1781 383 redemptae.
1796 346 1842 375 Ad
1855 345 1931 375 hunc
1945 345 2051 374 saltum
2064 345 2170 374 invitat
2180 345 2272 375 Isaiae
2284 345 2294 361 ⁷

1330 399 1439 427 dicens:
1466 408 1481 423 «
1495 396 1621 425 Gaudete
1649 404 1713 424 cum
1744 404 1777 424 ea
1803 394 1922 431 gaudio,
1944 395 2086 429 universi,
2114 395 2163 430 qui
2189 394 2295 431 lugetis

1331 455 1417 483 super
1438 455 1499 475 eam
1510 457 1539 473 n.

1412 496 1441 524 6.
1462 495 1649 530 Ampliusque
1669 493 1755 522 tertio
1775 492 1810 521 fit
1830 492 1899 521 haec
1929 492 2051 520 variatio
2077 491 2229 520 secundum
2248 500 2295 521 va·
2309 494 2449 546 'ffiffiissssffi

1331 545 1487 574 riatioriem
1507 544 1637 572 statwwm
1667 542 1817 571 Ecclesiae
1842 541 2074 577 principalium,
2100 541 2162 569 viae
2191 541 2297 570 scilicet

1333 594 1362 622 et
1383 593 1506 629 patriae;
1528 592 1660 628 quoniam
1674 591 1704 619 in
1719 591 1765 619 via
1779 589 1951 626 generaliter
1965 589 2010 618 est
2024 589 2119 618 status
2133 589 2295 626 plangendi,

1333 643 1363 671 et
1382 643 1412 671 in
1433 642 1529 678 patria
1548 640 1698 677 gaudendi.
1729 639 1809 668 Unde
1831 637 1971 668 Glossa⁰:
1998 650 2013 664 <a
2027 639 2117 675 Super
2137 638 2190 667 hoc
2214 639 2297 674 plan-

1334 691 1456 728 gendum
1470 690 1514 719 est
1528 698 1611 724 nunc,
1625 689 1659 718 ut
1672 690 1702 717 111
1716 688 1812 717 futuro
1829 688 1966 716 saltemus
1979 699 2008 715 ».
2024 704 2064 707 -
2077 687 2134 716 Pro
2148 687 2204 716 isto
2218 688 2297 723 plan·
2310 688 2380 710 eausa

1335 739 1383 768 ctu
1397 740 1442 768 vel
1455 738 1657 767 lamentatione
1671 737 1774 766 dicitur
1787 738 1817 765 in
1831 736 1989 765 Ezechiele:
2010 747 2025 761 <c
2035 736 2180 772 Expandit
2192 736 2297 765 librum

1336 797 1430 817 coram
1457 796 1517 822 me,
1546 788 1594 823 qui
1614 786 1676 815 erat
1704 786 1828 822 scriptus
1859 785 1938 814 intus
1969 785 1998 814 et
2019 785 2104 819 foris3
2126 785 2155 813 et
2175 785 2298 821 scriptae

1336 837 1418 866 erant
1438 838 1468 865 in
1488 845 1519 865 eo
1540 835 1757 865 lamentationes
1778 834 1807 863 et
1828 843 1941 863 carmen
1962 834 1991 862 et
2005 842 2056 862 vae
2070 844 2099 868 »3
2115 833 2299 863 lamentatio-

1335 895 1386 916 nes
1400 886 1555 920 iustorum,
1578 893 1695 914 carmen
1715 884 1865 918 bonorum,
1886 891 1939 912 vae
1959 883 2296 917 damnatorum313aias:

1341 947 1356 960 ‹<
1369 934 1489 964 Vocabit
1510 935 1647 963 Dominus
1668 933 1744 961 Deus
1765 932 1937 961 exercituum
1957 932 1988 960 in
2009 932 2052 959 die
2073 931 2124 960 illa
2145 931 2181 959 ad
2200 931 2299 959 fletum

1337 984 1365 1013 et
1385 984 1421 1012 ad
1442 984 1589 1019 planctum
1610 982 1639 1011 et
1660 982 1696 1010 ad
1716 981 1862 1010 calvitium
1883 981 1912 1009 et
1933 981 1969 1009 ad
1990 980 2136 1016 cingulum
2162 980 2248 1013 sacci;
2270 979 2299 1008 et

1336 1041 1412 1067 ecce,
1434 1032 1568 1068 gaudium
1589 1031 1618 1060 et
1638 1031 1749 1060 laetitia
1764 1030 1886 1059 occidere
1904 1029 2011 1058 vitulos
2032 1028 2061 1057 et
2080 1029 2210 1064 iugulare
2230 1028 2299 1056 arie-

1337 1080 1395 1115 tes,
1418 1080 1558 1109 comedere
1584 1088 1684 1108 carnes
1705 1079 1733 1107 et
1747 1078 1841 1106 bibere
1855 1079 1953 1106 vinum
1967 1089 1996 1105 >›.
2010 1077 2065 1105 Hic
2079 1076 2212 1112 planctus
2226 1085 2300 1105 nun-

1336 1138 1420 1166 quam
1442 1130 1486 1158 est
1504 1129 1689 1162 deserendus,
1705 1128 1754 1156 sed
1772 1139 1787 1152 «
1802 1135 1911 1162 semper
1927 1126 2033 1154 Christi
2047 1125 2227 1154 mortificatio
2249 1126 2299 1154 cir-

1336 1178 1514 1207 cumferenda
1525 1188 1553 1212 »3
1567 1178 1598 1206 in
1611 1178 1691 1206 cuius
1704 1176 1826 1213 figuram
1841 1174 1943 1204 dicitur
1954 1175 2045 1211 primo
2059 1174 2168 1210 Regum
2179 1173 2205 1203 ⁹:
2226 1186 2240 1200 «
2250 1175 2300 1203 Le-

1336 1227 1478 1256 vaverunt
1502 1227 1595 1255 David
1616 1226 1644 1254 et
1665 1226 1803 1261 populns,
1826 1225 1874 1260 qui
1894 1224 1957 1252 erat
1978 1232 2041 1252 cum
2062 1231 2108 1258 οο,
2130 1231 2211 1252 voces
2233 1232 2300 1252 suas

1336 1276 1366 1304 et
1387 1274 1571 1311 planxerunt,
1594 1275 1680 1303 donec
1707 1273 1858 1302 deficerent
1885 1273 1915 1301 in
1942 1273 1982 1300 eis
2009 1272 2150 1308 lacrymae
2165 1283 2194 1299 n.
2221 1271 2300 1307 Defi-

1337 1325 1413 1353 cient
1441 1324 1588 1360 lacrymae
1601 1345 1609 1359 ,
1637 1331 1700 1351 00111
1726 1321 1898 1358 «absterget
1918 1321 1994 1350 Deus
2016 1329 2125 1349 omnem
2145 1321 2300 1356 lacrymam

1338 1373 1374 1401 ab
1388 1373 1476 1401 oculis
1490 1372 1657 1400 Sanctorum
1672 1383 1700 1405 »,
1722 1371 1755 1399 ut
1770 1371 1872 1399 dicitur
1886 1371 1916 1398 in
1930 1370 2103 1406 Apocalypsi
2116 1368 2150 1397 ¹⁰.
2164 1386 2205 1390 —
2216 1369 2301 1398 Hunc
2319 1369 2440 1417 Caffiffisal·

1339 1421 1486 1457 planctum
1507 1420 1635 1456 sequitur
1655 1428 1776 1456 magnus
1797 1420 1844 1448 ille
1866 1419 1974 1453 saltus,
1996 1419 2029 1447 de
2051 1426 2105 1454 quo
2126 1419 2156 1446 in
2177 1418 2299 1447 Ioanne:

1344 1481 1358 1495 ‹<
1373 1470 1470 1506 Aqua,
1493 1478 1577 1505 quam
1598 1477 1649 1505 ego
1671 1469 1742 1497 dabo
1763 1469 1803 1502 ei,
1825 1468 1875 1496 fiet
1899 1468 1930 1496 in
1951 1476 1981 1497 eo
2003 1467 2066 1496 fons
2088 1475 2177 1503 aquae
2203 1467 2302 1496 salien-

1340 1519 1378 1547 tis
1398 1520 1428 1548 in
1448 1518 1537 1546 vitam
1558 1517 1703 1546 aeternam
1717 1529 1745 1544 ».
1765 1516 1809 1545 Ibi
1824 1517 1897 1545 enim
1918 1515 2083 1552 implebitur
2104 1515 2178 1552 quod
2198 1515 2301 1544 dicitur

1340 1569 1370 1596 in
1390 1568 1481 1596 Isaia:
1508 1578 1523 1592 «
1537 1567 1615 1595 Tunc
1628 1565 1792 1602 aperientur
1813 1566 1885 1594 oculi
1905 1573 2065 1599 caecorum,
2087 1564 2117 1593 et
2137 1572 2220 1593 aures
2242 1572 2302 1593 sur-

1341 1617 1440 1645 dorum
1460 1616 1608 1652 patebunt.
1629 1615 1707 1644 Tunc
1728 1614 1811 1643 saliet
1833 1614 1906 1643 sicut
1926 1622 2026 1643 cerv-us
2047 1613 2165 1643 claudus
2179 1626 2208 1642 ».

1422 1665 1449 1692 7.
1470 1665 1546 1693 Deus
1567 1664 1655 1700 igitur
1675 1664 1705 1692 in
1726 1663 1873 1699 Scriptura
1899 1671 1980 1692 sacra
2010 1663 2163 1699 utrumque
2183 1662 2304 1692 istorum
2318 1661 2454 1683 0⁰¹⁰¹¹³¹⁹¹¹¹¹¹²

1341 1713 1507 1747 affectuum,
1529 1712 1675 1748 planctum
1696 1712 1725 1741 et
1757 1712 1863 1741 saltum
1894 1711 2015 1747 scilicet,
2036 1712 2067 1740 in
2087 1711 2168 1740 nobis
2189 1711 2302 1746 volens,

1340 1762 1374 1790 ut
1395 1762 1506 1797 expedit
1521 1760 1554 1795 ²¹,
1576 1761 1723 1795 alternari,
1745 1760 1869 1790 condidit
1890 1760 2007 1788 cantica
2020 1759 2147 1788 laetitiae
2161 1759 2198 1788 ad
2211 1759 2304 1788 foven-

1341 1812 1405 1840 dam
1419 1811 1594 1840 devotionem
1609 1810 1637 1839 et
1652 1810 1785 1839 carmina
1798 1809 1956 1838 moestitiae
1970 1809 2007 1837 ad
2020 1808 2198 1837 excitandum
2210 1808 2241 1836 in
2254 1815 2305 1837 no-

2386 689 2449 736 ltu·

1340 1860 1384 1889 bis
1395 1860 1573 1889 salutiferum
1584 1860 1717 1888 dolorem.
1728 1876 1768 1879 —
1777 1859 1859 1887 Inter
1866 1858 1976 1887 cantica
1985 1857 2112 1886 laetitiae
2123 1861 2216 1886 arc'em
2226 1857 2305 1886 tenet
2317 1856 2411 1905 tffiggwess
2422 1856 2458 1904 ἐξ

1342 1908 1489 1938 Canticum
1512 1908 1704 1942 Canticorum3
1725 1907 1802 1936 inter
1829 1908 1955 1936 carmina
1983 1906 2141 1935 moestitiae
2161 1905 2304 1939 tractatus
2316 1910 2457 1940 apinamoesti

1341 1957 1532 1992 Threnorum‚
1547 1957 1581 1985 ut
1595 1957 1649 1985 dici
1670 1956 1760 1992 possit
1774 1955 1953 1984 Lamentatio
1968 1955 2234 1989 Lamentationum,
2256 1956 2305 1991 qui
2316 1938 2369 1958 tiae.

1341 2006 1385 2035 est
1404 2006 1506 2035 ultima
1538 2013 1606 2041 pars
1636 2005 1787 2039 Ieremiae,
1810 2005 1940 2040 quamvis
1971 2004 2059 2040 aliqui
2086 2004 2191 2032 librum
2210 2004 2304 2039 ipsum

1341 2055 1487 2091 appellent
1507 2054 1688 2088 distinctum,
1711 2053 1784 2082 sicut
1815 2053 1932 2082 Cantica
1954 2053 2143 2082 Canticorum.
2169 2053 2304 2082 Ieremias

1342 2104 1476 2140 siquidem
1497 2103 1543 2132 hic
1563 2103 1648 2131 iaxta
1669 2103 1797 2131 litteram
1818 2102 1948 2138 deplorat
1973 2102 2158 2138 temporalem
2179 2101 2305 2130 adversi·
2318 2095 2463 2117 Obiectumla

1341 2152 1431 2181 tatem
1451 2152 1615 2188 Synagogae
1637 2151 1742 2179 factam
1763 2151 1821 2179 sive
1843 2159 1894 2187 per
1908 2150 2065 2184 RomanOS,
2081 2150 2140 2179 sive
2154 2158 2204 2186 per
2219 2150 2304 2179 Chal·
2331 2122 2443 2171 Ἒῗῑζξῗέξ

318 1866 365 1894 vid
388 1864 533 1901 planctum
554 1863 743 1892 huiuscemodi
765 1872 849 1898 super
870 1862 937 1891 Saul
958 1862 986 1890 et
1007 1870 1092 1898 snper
1112 1861 1235 1890 Ionatha
1249 1873 1277 1889 >›.

324 1926 338 1939 κ
354 1914 505 1942 Considera
526 1905 617 1941 Israel
635 1921 686 1948 pro
706 1912 751 1940 1113
773 1913 821 1948 qui
848 1912 952 1941 mortui
973 1910 1040 1939 sunt
1061 1918 1148 1946 supra
1169 1910 1277 1938 excelsa

319 1962 472 1991 vulnerati.
486 1962 591 1998 Inclyti
605 1961 696 1990 Israel
711 1970 796 1997 super
810 1961 919 1989 montes
933 1960 997 1989 tuos
1012 1959 1153 1988 interfecti
1167 1959 1235 1988 sunt
1248 1971 1277 1987 >›.

320 2011 432 2047 Inclyti
452 2010 670 2045 interficiuntur
689 2018 775 2045 saper
795 2011 920 2045 montes,
943 2009 1052 2045 quando
1073 2008 1139 2037 boni
1164 2008 1278 2036 mutant

320 2068 428 2094 mores,
450 2059 569 2087 assumti
589 2058 625 2087 ad
646 2058 848 2087 ecclesiasticas
868 2057 1042 2086 altitudines.

400 2108 428 2136 5.
450 2107 505 2136 Isti
525 2107 652 2143 planctui
672 2107 830 2136 contrarius
844 2106 888 2135 est
908 2106 1016 2142 saltus,
1037 2106 1211 2142 congaudere
1224 2105 1278 2134 Ec-

173 2164 243 2185 Causa
257 2163 297 2184 sai-
319 2157 419 2186 0103130
433 2157 466 2185 (10
487 2156 593 2184 sanctis
607 2155 636 2184 et
650 2156 792 2192 prosperis
814 2155 995 2184 successibus.
1010 2154 1055 2183 Ad
1076 2163 1157 2190 quem
1172 2154 1277 2183 saltum

202 2190 269 2211 '‘³¹²³''
318 2205 445 2234 invitans
471 2204 586 2233 Isaias⁶
611 2204 697 2232 dicit:
735 2215 750 2229 α
772 2203 914 2238 Laudato,
939 2203 1024 2237 caeli,
1053 2204 1185 2239 quoniam
1212 2203 1279 2231 fecit

319 2254 471 2289 Dominus3
492 2253 621 2287 iubilate,
643 2253 767 2282 extrema
781 2253 890 2287 terrae3
905 2252 1050 2286 resonate,
1072 2252 1196 2287 montes;
1216 2253 1280 2280 lau-

320 2303 461 2332 dationem
475 2302 567 2331 saltus
582 2302 610 2331 et
631 2310 711 2331 omne
724 2302 834 2338 lignum
856 2302 915 2330 eius
925 2313 955 2329 ».
971 2301 1072 2330 Saltus
1086 2301 1188 2330 dicitur
1200 2302 1280 2330 locus

319 2359 497 2385 nemorosus,
519 2359 550 2379 eo
571 2350 645 2391 quod
676 2350 791 2379 arbores
822 2351 851 2378 in
882 2350 943 2386 ipso
974 2350 1003 2378 in
1025 2350 1117 2378 altum
1138 2349 1279 2378 exsiliant.

318 2400 379 2429 Hoc
399 2400 471 2427 idem
492 2398 646 2435 figuratum
661 2399 704 2427 est
719 2399 809 2434 primo
829 2398 938 2434 Regum
949 2396 970 2431 ⁶,
991 2398 1040 2426 ubi
1060 2397 1177 2426 dicitur:
1204 2409 1219 2422 «
1234 2397 1280 2426 In-

318 2449 413 2476 venies
433 2447 502 2476 duos
523 2448 598 2476 viros
618 2448 697 2475 iuxta
718 2447 877 2483 sepulcrum
898 2445 1002 2474 Rachel
1032 2446 1061 2474 in
1083 2446 1187 2474 finibus
1210 2446 1280 2474 Ben-

318 2496 420 2530 iamin,
441 2497 471 2524 in
491 2495 604 2523 meridie
625 2495 759 2524 salientes
773 2502 891 2530 magnas
913 2494 1019 2527 foveas,
1042 2494 1188 2530 dicentque
1210 2494 1278 2522 tibi:

320 2544 457 2573 Inventae
478 2543 546 2572 sunt
566 2544 704 2571 asinae».
726 2543 795 2571 Duo
817 2542 875 2570 viri
896 2542 978 2576 sunt,
1000 2542 1047 2578 qui
1068 2542 1226 2572 Ecclesiam
1239 2552 1280 2572 -ex

320 2592 440 2621 caritate
460 2591 598 2627 diligunt3
620 2591 733 2620 Rachel
755 2590 961 2626 interpretatur
982 2592 1057 2626 ovis3
1078 2592 1163 2620 iuxta
1192 2591 1281 2628 igitur

321 2639 485 2675 sepulcrum
505 2637 669 2674 exspectant
689 2646 800 2672 omnes,
822 2638 870 2674 qui
891 2638 1068 2667 considerant
1082 2638 1237 2675 profectum
1252 2639 1281 2668 et

323 2687 460 2715 defectum
481 2687 638 2715 animarum
660 2686 766 2715 Christi
788 2687 924 2722 sanguine
938 2686 1162 2722 redemptarum3
1178 2688 1209 2715 in
1222 2696 1281 2717 me-

325 2736 415 2772 ridie,
436 2736 464 2764 id
485 2735 529 2764 est
543 2737 572 2764 in
587 2735 729 2771 spirituali
750 2735 946 2771 prosperitate,
967 2744 1092 2771 macrias
1113 2734 1210 2769 foveas
1236 2745 1280 2765 sa-

325 2785 418 2821 liunt,
440 2785 649 2821 quilaetitiam
668 2793 816 2821 magnam,
837 2793 922 2820 quam
941 2784 1047 2813 habeut
1067 2785 1097 2813 in
1118 2785 1214 2818 corde,
1237 2793 1281 2813 ex-

324 2833 413 2863 terius
433 2834 601 2868 ostendunt;
622 2834 688 2870 quia
708 2834 843 2862 inventae
855 2834 925 2862 swnt
939 2833 1056 2868 asinae,
1070 2833 1099 2861 id
1113 2832 1157 2861 est
1171 2833 1281 2861 animae

394 3020 402 3034 ¹
423 3020 455 3047 Ca
479 3039 485 3045 .
508 3021 551 3052 Μ,
572 3020 615 3046 17.

394 3054 404 3070 ²
423 3027 486 3087 Cag.
506 3056 536 3086 9,
557 3056 605 3086 40,
625 3054 670 3080 ubi
690 3055 726 3088 (οι
744 3055 822 3081 etiam
842 3055 920 3088 infra)
941 3062 989 3087 pro
1007 3055 1127 3089 speciosa
1147 3055 1193 3088 (ita
1214 3056 1277 3082 Vul-

324 3094 383 3123 gata
403 3095 428 3116 et
447 3091 476 3123 Β)
497 3091 556 3116 Vat.
575 3097 691 3124 sponsa;
710 3091 782 3116 locus
802 3098 857 3123 seq.
876 3093 915 3116 est
934 3090 997 3116 ibid.

395 3125 405 3139 ³
424 3127 473 3151 Pro
491 3125 614 3152 subversi
632 3126 689 3152 Vat.
713 3125 830 3152 adversi.
847 3139 884 3145 -
901 3126 991 3151 Glossa
1016 3126 1043 3151 in
1069 3126 1161 3151 lerem.
1180 3127 1213 3157 9,
1234 3127 1276 3152 10.

323 3161 399 3187 citata
418 3164 457 3187 est
476 3160 627 3187 ordinaria.

393 3194 405 3211 ‘¹
423 3196 486 3233 Cap.
507 3196 538 3227 9,
559 3197 582 3222 1.
603 3196 725 3229 Sequitur
745 3196 773 3221 ΙΙ,
792 3196 858 3228 Reg.
881 3196 910 3227 ⁴,
931 3195 972 3221 ⁴7.
991 3196 1034 3221 18.
1054 3196 1096 3221 49.
1114 3210 1149 3215 -
1168 3196 1217 3222 Pro
1232 3195 1277 3223 Sic

324 3230 436 3258 David...
455 3230 568 3258 Plan-vit
586 3230 673 3258 David
694 3230 836 3265 planctum
864 3230 1050 3258 huiuscemodi
1077 3232 1133 3258 Vat.
1164 3231 1277 3259 Planoeil

324 3265 412 3293 David
429 3265 585 3293 huiusmodi
598 3266 748 3300 planctum.

395 3300 405 3315 ⁶
424 3301 488 3334 Cap.
507 3301 553 3334 44,
573 3302 615 3327 23.
634 3302 699 3327 Ante
717 3301 779 3335 fecit
798 3301 875 3333 Vulg.
895 3301 1016 3334 praefigit
1033 3300 1257 3329 misericordiam.

368 3371 373 3376 .
395 3336 406 3352 ⁶
424 3337 489 3376 βίῃ).
509 3337 603 3376 10,’2,
623 3337 668 3363 ubi
687 3340 776 3376 contra
796 3337 936 3369 Vulgatam
954 3339 980 3362 et
998 3337 1076 3363 codd.
1096 3337 1153 3363 Vat.
1173 3336 1275 3364 dicent:

325 3379 388 3405 qma
396 3371 680 3439 ⁷t132pprcgfiachgiqffl
694 3372 749 3434 {th
759 3407 877 3435 Gaudete
889 3407 918 3434 in
930 3414 961 3434 ea
974 3414 1022 3440 pro
1035 3406 1148 3442 gaudete
1160 3413 1223 3434 cum
1236 3414 1277 3434 ea.

1342 2201 1437 2235 daeos,
1460 2201 1509 2229 sed
1528 2200 1557 2229 et
1578 2200 1698 2229 mortem
1724 2200 1843 2236 piissimi
1870 2200 1946 2236 regis
1973 2200 2081 2234 Iosiae;
2109 2200 2182 2228 unde
2207 2198 2237 2228 iu
2265 2208 2304 2229 3οἐ

1342 2250 1432 2278 01111ᾱο
1451 2249 1688 2285 Paralipomenon
1702 2247 1740 2277 ¹²:
1767 2259 1781 2273 «
1795 2248 1951 2276 Universus
1964 2248 2037 2276 Inda
2052 2248 2080 2276 et
2094 2248 2250 2277 Ierusalem
2262 2249 2304 2277 lu-

1342 2298 1445 2327 xerunt
1471 2298 1592 2332 Iosiam‚
1620 2297 1754 2326 Ieremias
1782 2298 1917 2331 maxime,
1947 2298 2026 2326 cuius
2054 2305 2149 2326 omnes
2174 2297 2304 2326 cantores

1343 2347 1428 2382 atque
1448 2346 1617 2374 cantatrices
1638 2353 1726 2381 usque
1746 2345 1776 2374 in
1796 2345 1973 2381 praesentem
1994 2346 2066 2374 diem
2086 2345 2304 2381 lamentationes

1344 2394 1483 2430 replicant
1504 2403 1589 2430 super
1614 2394 1720 2423 Iosiam
1734 2406 1762 2428 »,
1790 2403 1872 2430 quem
1893 2394 1998 2423 Iosiam
2019 2395 2161 2424 interfecit
2191 2394 2304 2423 Pharao

1344 2443 1457 2472 Nechao
1478 2444 1508 2471 in
1528 2451 1626 2478 campo
1640 2442 1811 2479 Mageddon,
1825 2443 1859 2471 de
1873 2451 1928 2479 quo
1942 2442 2064 2472 habetur
2085 2444 2115 2472 in
2136 2443 2239 2479 quarto
2252 2443 2303 2471 Re-

1343 2501 1420 2528 gum,
1436 2492 1468 2520 de
1483 2500 1537 2528 quo
1552 2492 1637 2520 etiam
1652 2491 1802 2520 Zacharias
1816 2492 1958 2528 loquitur,
1980 2492 2090 2521 dicens:
2117 2504 2131 2517 «
2145 2492 2182 2521 In
2195 2492 2239 2521 die
2252 2492 2304 2520 illa

1343 2549 1464 2578 magnus
1485 2541 1539 2569 erit
1560 2540 1693 2576 planctus
1719 2541 1749 2568 in
1776 2540 1948 2575 Ierusalem,
1971 2541 2045 2569 sicut
2067 2540 2199 2576 planctus
2230 2540 2304 2569 Ada-

1343 2590 1487 2619 dremmon
1516 2590 1546 2618 in
1577 2598 1675 2626 campo
1705 2589 1862 2626 Mageddon
1876 2601 1904 2617 ».
1930 2606 1971 2609 -
1999 2589 2187 2618 Lamentatur
2218 2588 2303 2618 etiam
2322 2586 2442 2640 ἕξῐῑῆᾗῑξιξ

1342 2639 1540 2675 spiritualiter
1560 2638 1663 2666 damna
1684 2637 1824 2666 Ecclesiae
1845 2638 1874 2666 et
1898 2638 2048 2667 cuiuslibet
2069 2639 2178 2667 animae
2210 2638 2303 2673 singu-

1342 2688 1413 2716 laris
1444 2687 1472 2716 et
1507 2687 1649 2716 miseriam
1679 2687 1930 2723 peregrinationis,
1963 2687 2037 2715 sicut
2059 2687 2140 2723 patet
2160 2687 2190 2715 in
2211 2694 2308 2722 prose-

1344 2736 1453 2775 quendo
1473 2735 1704 2764 lamentationem
1713 2757 1720 2769 ,
1742 2736 1770 2764 et
1783 2736 1910 2764 inserens
1924 2735 1957 2764 de
1971 2736 2082 2764 iniuriis
2097 2735 2125 2764 et
2139 2735 2229 2764 morte
2243 2735 2305 2764 Sal—

1344 2784 1460 2813 vatoris.
1482 2783 1521 2812 Et
1541 2783 1643 2812 dicitur
1665 2783 1768 2812 Graece
1789 2792 1860 2820 opus
1873 2784 1944 2812 illud
1960 2784 2087 2819 Threni,
2102 2783 2239 2812 Hebraico
2252 2783 2306 2813 Ki-

1344 2833 1430 2869 noth,
1452 2832 1525 2869 quod
1539 2833 1611 2861 idem
1622 2832 1666 2861 est
1680 2841 1712 2861 ac
1727 2832 1895 2862 lamentatio
1910 2832 2011 2861 Latine
2020 2854 2027 2867 ,
2042 2832 2115 2861 unde
2135 2832 2303 2866 threnetice,

1415 3019 1425 3035 Β
1446 3020 1596 3048 Ordinaria
1624 3020 1649 3045 in
1678 3020 1761 3046 Eccle.
1789 3020 1820 3051 3,
1841 3019 1864 3045 4.
1884 3033 1920 3038 -
1939 3019 2062 3052 Sequitur
2091 3020 2183 3045 Ezech.
2213 3020 2243 3050 2,
2272 3020 2287 3045 9
2296 3030 2303 3051 3

1344 3056 1439 3082 deinde
1458 3056 1513 3082 lsai.
1534 3057 1581 3088 22,
1603 3056 1645 3081 42.
1664 3062 1719 3087 seq.

1412 3090 1423 3105 ⁹
1441 3091 1505 3123 Cap.
1524 3091 1572 3121 30,
1586 3090 1611 3116 4.
1624 3104 1659 3110 -
1672 3090 1798 3121 Superius
1817 3088 1899 3115 verba
1918 3096 2024 3123 semper
2044 3089 2144 3117 Christi
2161 3089 2304 3125 mortifica-

1342 3125 1378 3153 tio
1398 3129 1448 3152 ete.
1467 3126 1611 3158 respiciunt
1630 3126 1657 3151 11.
1676 3125 1735 3151 Cor.
1758 3125 1789 3155 4,
1810 3125 1852 3150 10.

1414 3161 1437 3176 ¹⁰
1456 3160 1518 3193 Cap.
1540 3161 1587 3191 21,
1609 3160 1634 3185 4.
1648 3174 1680 3178 -
1695 3160 1844 3193 Sequuntur
1864 3160 1933 3186 ioan.
1953 3159 1982 3193 4,
2004 3160 2046 3186 Μ.
2062 3164 2087 3186 et
2106 3161 2162 3187 lsai.
2182 3160 2224 3193 35,
2238 3160 2264 3186 5.
2278 3160 2304 3186 6.

1414 3195 1436 3210 ¹¹
1458 3197 1516 3221 Vat.
1538 3196 1633 3222 omittit
1650 3196 1682 3221 ut
1699 3194 1822 3229 expedia·
1848 3196 1940 3221 eadem
1961 3195 2025 3222 infra
2045 3198 2104 3229 post
2128 3195 2304 3223 Lamentatio-

1342 3238 1410 3292 Zum
1423 3232 1504 3292 'ponit
1529 3237 1598 3265 quae
1623 3237 1672 3262 pro
1697 3229 1755 3264 qui,
1782 3233 1807 3257 et
1831 3231 1927 3257 deinde
1950 3231 1993 3258 hie
2020 3231 2126 3266 quidem
2154 3238 2203 3264 pro
2222 3229 2303 3265 siqui-

1362 3273 1403 3292 em
1442 3273 1474 3292 zc.

1415 3300 1437 3315 ¹²
1457 3301 1521 3334 Cap.
1540 3301 1589 3331 35,
1609 3300 1651 3326 24.
1672 3301 1719 3334 25;
1738 3301 1772 3327 (10
1791 3304 1874 3327 morte
1894 3301 1979 3328 losiae
1999 3301 2062 3328 ibid.
2082 3309 2108 3327 v.
2136 3303 2178 3328 22.
2205 3303 2230 3327 et
2260 3300 2302 3326 lV.

1343 3337 1408 3368 Reg.
1428 3336 1477 3368 23,
1498 3336 1540 3362 29.
1561 3336 1611 3368 30,
1631 3339 1656 3362 ct
1674 3337 1708 3362 de
1727 3338 1777 3363 hoc
1801 3337 1907 3369 planctu
1933 3338 2011 3364 Zach.
2031 3338 2073 3370 42,
2101 3338 2142 3363 Μ.
2164 3350 2200 3356 --
2225 3335 2303 3369 Quod

1342 3371 1393 3412 liae
1407 3371 1609 3411 ‘lamentationes
1628 3371 1767 3404 respiciant
1786 3375 1897 3398 mortem
1926 3373 2020 3406 losiae,
2040 3379 2110 3399 nunc
2129 3371 2303 3398 communiter

1342 3410 1467 3433 reiicitur.
