<?xml version="1.0" encoding="UTF-8"?>
<!DOCTYPE html PUBLIC "-//W3C//DTD XHTML 1.0 Transitional//EN"
    "http://www.w3.org/TR/xhtml1/DTD/xhtml1-transitional.dtd">
<html xmlns="http://www.w3.org/1999/xhtml" xml:lang="en" lang="en">
 <head>
  <title>
</title>
<meta http-equiv="Content-Type" content="text/html;charset=utf-8" />
  <meta name='ocr-system' content='tesseract 3.04.00' />
  <meta name='ocr-capabilities' content='ocr_page ocr_carea ocr_par ocr_line ocrx_word'/>
</head>
<body>
  <div class='ocr_page' id='page_1' title='image "./doctorisseraphic07bona_0320.png"; bbox 0 0 2476 3921; ppageno 0'>
   <div class='ocr_carea' id='block_1_1' title="bbox 156 945 286 1026">
    <p class='ocr_par' dir='ltr' id='par_1_1' title="bbox 156 945 286 1026">
     <span class='ocr_line' id='line_1_1' title="bbox 156 945 286 972; baseline -0.008 -5"><span class='ocrx_word' id='word_1_1' title='bbox 156 945 286 972; x_wconf 77' lang='lat' dir='ltr'>Reprobatio</span> 
     </span>
     <span class='ocr_line' id='line_1_2' title="bbox 164 972 283 1002; baseline -0.008 -9"><span class='ocrx_word' id='word_1_2' title='bbox 164 972 283 1002; x_wconf 68' lang='lat' dir='ltr'>dolositatis</span> 
     </span>
     <span class='ocr_line' id='line_1_3' title="bbox 171 1002 273 1026; baseline -0.01 -6"><span class='ocrx_word' id='word_1_3' title='bbox 171 1005 210 1026; x_wconf 81' lang='lat' dir='ltr'>per</span> <span class='ocrx_word' id='word_1_4' title='bbox 225 1002 273 1020; x_wconf 81' lang='lat' dir='ltr'>tria.</span> 
     </span>
    </p>
   </div>
   <div class='ocr_carea' id='block_1_2' title="bbox 138 1628 1146 1670">
    <p class='ocr_par' dir='ltr' id='par_1_2' title="bbox 138 1628 1146 1670">
     <span class='ocr_line' id='line_1_4' title="bbox 138 1628 1146 1670; baseline -0.001 -9"><span class='ocrx_word' id='word_1_5' title='bbox 138 1640 217 1665; x_wconf 73' lang='lat' dir='ltr'>Primo</span> <span class='ocrx_word' id='word_1_6' title='bbox 225 1629 413 1666; x_wconf 75' lang='lat' dir='ltr'>quoaamundi</span> <span class='ocrx_word' id='word_1_7' title='bbox 438 1638 494 1670; x_wconf 89' lang='lat' dir='ltr'>per</span> <span class='ocrx_word' id='word_1_8' title='bbox 517 1628 759 1661; x_wconf 75' lang='lat' dir='ltr'>detestationem</span> <span class='ocrx_word' id='word_1_9' title='bbox 785 1628 1020 1660; x_wconf 84' lang='lat' dir='ltr'>immunditiae</span> <span class='ocrx_word' id='word_1_10' title='bbox 1050 1628 1146 1660; x_wconf 86' lang='lat' dir='ltr'>dicit:</span> 
     </span>
    </p>
   </div>
   <div class='ocr_carea' id='block_1_3' title="bbox 163 1672 317 1697">
    <p class='ocr_par' dir='ltr' id='par_1_3' title="bbox 163 1672 317 1697">
     <span class='ocr_line' id='line_1_5' title="bbox 163 1672 317 1697; baseline 0 -10"><span class='ocrx_word' id='word_1_11' title='bbox 163 1672 271 1697; x_wconf 70' lang='lat' dir='ltr'>egressum</span> <span class='ocrx_word' id='word_1_12' title='bbox 312 1682 317 1687; x_wconf 95' lang='lat'>.</span> 
     </span>
    </p>
   </div>
   <div class='ocr_carea' id='block_1_4' title="bbox 146 1694 290 1741">
    <p class='ocr_par' dir='ltr' id='par_1_4' title="bbox 146 1694 290 1741">
     <span class='ocr_line' id='line_1_6' title="bbox 146 1694 290 1721; baseline 0 -7"><span class='ocrx_word' id='word_1_13' title='bbox 146 1694 195 1714; x_wconf 84' lang='lat' dir='ltr'>mali</span> <span class='ocrx_word' id='word_1_14' title='bbox 190 1694 233 1719; x_wconf 73' lang='lat' dir='ltr'>igni</span> <span class='ocrx_word' id='word_1_15' title='bbox 248 1694 290 1721; x_wconf 81' lang='lat' dir='ltr'>spi-</span> 
     </span>
     <span class='ocr_line' id='line_1_7' title="bbox 185 1721 247 1741; baseline -0.019 0"><span class='ocrx_word' id='word_1_16' title='bbox 185 1721 247 1741; x_wconf 77' lang='lat' dir='ltr'>ritus.</span> 
     </span>
    </p>
   </div>
   <div class='ocr_carea' id='block_1_5' title="bbox 312 268 378 301">
    <p class='ocr_par' dir='ltr' id='par_1_5' title="bbox 312 268 378 301">
     <span class='ocr_line' id='line_1_8' title="bbox 312 268 378 301; baseline -0.03 0"><span class='ocrx_word' id='word_1_17' title='bbox 312 268 378 301; x_wconf 72' lang='lat'>294</span> 
     </span>
    </p>
   </div>
   <div class='ocr_carea' id='block_1_6' title="bbox 306 350 1270 1031">
    <p class='ocr_par' dir='ltr' id='par_1_6' title="bbox 308 350 1270 873">
     <span class='ocr_line' id='line_1_9' title="bbox 318 350 1268 393; baseline -0.002 -9"><span class='ocrx_word' id='word_1_18' title='bbox 318 369 333 384; x_wconf 90' lang='lat'>«</span> <span class='ocrx_word' id='word_1_19' title='bbox 349 355 520 387; x_wconf 88' lang='lat' dir='ltr'>Moriturus</span> <span class='ocrx_word' id='word_1_20' title='bbox 551 355 637 390; x_wconf 88' lang='lat' dir='ltr'>erat,</span> <span class='ocrx_word' id='word_1_21' title='bbox 664 355 701 384; x_wconf 93' lang='lat' dir='ltr'>ut</span> <span class='ocrx_word' id='word_1_22' title='bbox 724 351 805 383; x_wconf 85' lang='lat' dir='ltr'>tilios</span> <span class='ocrx_word' id='word_1_23' title='bbox 827 350 902 389; x_wconf 87' lang='lat' dir='ltr'>Dei,</span> <span class='ocrx_word' id='word_1_24' title='bbox 925 351 980 393; x_wconf 91' lang='lat' dir='ltr'>qui</span> <span class='ocrx_word' id='word_1_25' title='bbox 1004 353 1096 383; x_wconf 86' lang='lat' dir='ltr'>erant</span> <span class='ocrx_word' id='word_1_26' title='bbox 1116 350 1268 392; x_wconf 87' lang='lat' dir='ltr'>dispersi,</span> 
     </span>
     <span class='ocr_line' id='line_1_10' title="bbox 312 404 1269 451; baseline -0.007 -9"><span class='ocrx_word' id='word_1_27' title='bbox 312 411 517 451; x_wconf 80' lang='lat' dir='ltr'>congregaret</span> <span class='ocrx_word' id='word_1_28' title='bbox 541 407 572 438; x_wconf 92' lang='lat' dir='ltr'>in</span> <span class='ocrx_word' id='word_1_29' title='bbox 596 414 695 438; x_wconf 90' lang='lat' dir='ltr'>unum</span> <span class='ocrx_word' id='word_1_30' title='bbox 713 417 744 443; x_wconf 78' lang='lat'>1&gt;;</span> <span class='ocrx_word' id='word_1_31' title='bbox 766 408 799 437; x_wconf 87' lang='lat' dir='ltr'>et</span> <span class='ocrx_word' id='word_1_32' title='bbox 823 404 916 437; x_wconf 81' lang='lat' dir='ltr'>Isaiae</span> <span class='ocrx_word' id='word_1_33' title='bbox 939 404 1128 436; x_wconf 89' lang='lat' dir='ltr'>undecimo:</span> <span class='ocrx_word' id='word_1_34' title='bbox 1158 417 1173 432; x_wconf 77' lang='grc' dir='ltr'><em>α</em></span> <span class='ocrx_word' id='word_1_35' title='bbox 1189 404 1269 437; x_wconf 88' lang='lat' dir='ltr'>Con-</span> 
     </span>
     <span class='ocr_line' id='line_1_11' title="bbox 311 457 1270 504; baseline -0.004 -10"><span class='ocrx_word' id='word_1_36' title='bbox 311 461 453 504; x_wconf 83' lang='lat' dir='ltr'>gregabit</span> <span class='ocrx_word' id='word_1_37' title='bbox 482 459 631 502; x_wconf 81' lang='lat' dir='ltr'>profugos</span> <span class='ocrx_word' id='word_1_38' title='bbox 655 458 748 491; x_wconf 88' lang='lat' dir='ltr'>lsrael</span> <span class='ocrx_word' id='word_1_39' title='bbox 772 461 804 491; x_wconf 91' lang='lat' dir='ltr'>et</span> <span class='ocrx_word' id='word_1_40' title='bbox 826 457 985 500; x_wconf 89' lang='lat' dir='ltr'>dispersos</span> <span class='ocrx_word' id='word_1_41' title='bbox 1009 458 1083 490; x_wconf 89' lang='lat' dir='ltr'>luda</span> <span class='ocrx_word' id='word_1_42' title='bbox 1105 458 1229 500; x_wconf 86' lang='lat' dir='ltr'>colliget</span> <span class='ocrx_word' id='word_1_43' title='bbox 1251 467 1270 490; x_wconf 85' lang='lat' dir='ltr'>a</span> 
     </span>
     <span class='ocr_line' id='line_1_12' title="bbox 310 511 1270 558; baseline -0.005 -10"><span class='ocrx_word' id='word_1_44' title='bbox 310 519 446 558; x_wconf 87' lang='lat' dir='ltr'>quatuor</span> <span class='ocrx_word' id='word_1_45' title='bbox 456 513 554 555; x_wconf 86' lang='lat' dir='ltr'>plagis</span> <span class='ocrx_word' id='word_1_46' title='bbox 566 517 670 545; x_wconf 88' lang='lat' dir='ltr'>terrae</span> <span class='ocrx_word' id='word_1_47' title='bbox 680 524 710 550; x_wconf 73' lang='grc' dir='ltr'>»ς</span> <span class='ocrx_word' id='word_1_48' title='bbox 723 512 877 544; x_wconf 89' lang='lat' dir='ltr'>Psalmus:</span> <span class='ocrx_word' id='word_1_49' title='bbox 896 524 912 539; x_wconf 73' lang='lat' dir='ltr'>er</span> <span class='ocrx_word' id='word_1_50' title='bbox 921 511 1136 552; x_wconf 87' lang='lat' dir='ltr'>Dispersiones</span> <span class='ocrx_word' id='word_1_51' title='bbox 1148 511 1270 544; x_wconf 84' lang='lat' dir='ltr'>{sraelis</span> 
     </span>
     <span class='ocr_line' id='line_1_13' title="bbox 310 564 1269 610; baseline -0.005 -9"><span class='ocrx_word' id='word_1_52' title='bbox 310 567 511 610; x_wconf 81' lang='lat' dir='ltr'>congregabit</span> <span class='ocrx_word' id='word_1_53' title='bbox 527 579 556 597; x_wconf 74' lang='lat' dir='ltr'>n.</span> <span class='ocrx_word' id='word_1_54' title='bbox 582 565 727 597; x_wconf 84' lang='lat' dir='ltr'>Officium</span> <span class='ocrx_word' id='word_1_55' title='bbox 752 568 858 597; x_wconf 87' lang='lat' dir='ltr'>autem</span> <span class='ocrx_word' id='word_1_56' title='bbox 874 564 988 597; x_wconf 88' lang='lat' dir='ltr'>diaboli</span> <span class='ocrx_word' id='word_1_57' title='bbox 1006 568 1053 596; x_wconf 88' lang='lat' dir='ltr'>est</span> <span class='ocrx_word' id='word_1_58' title='bbox 1068 564 1269 606; x_wconf 76' lang='lat' dir='ltr'>dispergere,</span> 
     </span>
     <span class='ocr_line' id='line_1_14' title="bbox 312 617 1270 659; baseline -0.005 -5"><span class='ocrx_word' id='word_1_59' title='bbox 312 620 484 654; x_wconf 87' lang='lat' dir='ltr'>secundum</span> <span class='ocrx_word' id='word_1_60' title='bbox 516 618 592 651; x_wconf 90' lang='lat' dir='ltr'>illud</span> <span class='ocrx_word' id='word_1_61' title='bbox 623 617 744 650; x_wconf 91' lang='lat' dir='ltr'>loannis</span> <span class='ocrx_word' id='word_1_62' title='bbox 767 618 933 650; x_wconf 87' lang='lat' dir='ltr'>decim0¹:</span> <span class='ocrx_word' id='word_1_63' title='bbox 963 630 979 645; x_wconf 69' lang='grc' dir='ltr'><em>α</em></span> <span class='ocrx_word' id='word_1_64' title='bbox 997 618 1104 659; x_wconf 86' lang='lat' dir='ltr'><strong>Lupus</strong></span> <span class='ocrx_word' id='word_1_65' title='bbox 1128 617 1211 659; x_wconf 81' lang='lat' dir='ltr'>rapit</span> <span class='ocrx_word' id='word_1_66' title='bbox 1238 621 1270 650; x_wconf 87' lang='lat' dir='ltr'>et</span> 
     </span>
     <span class='ocr_line' id='line_1_15' title="bbox 309 670 1270 715; baseline -0.004 -9"><span class='ocrx_word' id='word_1_67' title='bbox 309 673 460 715; x_wconf 83' lang='lat' dir='ltr'>dispergit</span> <span class='ocrx_word' id='word_1_68' title='bbox 482 681 557 705; x_wconf 88' lang='lat' dir='ltr'>oves</span> <span class='ocrx_word' id='word_1_69' title='bbox 573 685 603 703; x_wconf 65' lang='grc' dir='ltr'>ιι.</span> <span class='ocrx_word' id='word_1_70' title='bbox 635 671 704 703; x_wconf 87' lang='lat' dir='ltr'>ideo</span> <span class='ocrx_word' id='word_1_71' title='bbox 727 671 881 712; x_wconf 89' lang='lat' dir='ltr'>optimum</span> <span class='ocrx_word' id='word_1_72' title='bbox 907 674 955 703; x_wconf 90' lang='lat' dir='ltr'>est</span> <span class='ocrx_word' id='word_1_73' title='bbox 978 671 1109 703; x_wconf 88' lang='lat' dir='ltr'>introire</span> <span class='ocrx_word' id='word_1_74' title='bbox 1133 670 1165 703; x_wconf 90' lang='lat' dir='ltr'>in</span> <span class='ocrx_word' id='word_1_75' title='bbox 1188 670 1270 703; x_wconf 88' lang='lat' dir='ltr'>ovile</span> 
     </span>
     <span class='ocr_line' id='line_1_16' title="bbox 308 723 1270 767; baseline -0.002 -9"><span class='ocrx_word' id='word_1_76' title='bbox 308 726 449 764; x_wconf 87' lang='lat' dir='ltr'>Domini,</span> <span class='ocrx_word' id='word_1_77' title='bbox 473 725 527 767; x_wconf 90' lang='lat' dir='ltr'>qui</span> <span class='ocrx_word' id='word_1_78' title='bbox 552 734 613 757; x_wconf 93' lang='lat' dir='ltr'>non</span> <span class='ocrx_word' id='word_1_79' title='bbox 638 727 741 766; x_wconf 87' lang='lat' dir='ltr'>potest</span> <span class='ocrx_word' id='word_1_80' title='bbox 757 724 900 766; x_wconf 86' lang='lat' dir='ltr'>superari</span> <span class='ocrx_word' id='word_1_81' title='bbox 925 734 944 757; x_wconf 85' lang='lat' dir='ltr'>a</span> <span class='ocrx_word' id='word_1_82' title='bbox 966 724 1108 763; x_wconf 77' lang='lat' dir='ltr'>fortiori,</span> <span class='ocrx_word' id='word_1_83' title='bbox 1125 724 1208 757; x_wconf 86' lang='lat' dir='ltr'>sicut</span> <span class='ocrx_word' id='word_1_84' title='bbox 1223 723 1270 756; x_wconf 88' lang='lat' dir='ltr'>di-</span> 
     </span>
     <span class='ocr_line' id='line_1_17' title="bbox 309 777 1270 820; baseline -0.002 -9"><span class='ocrx_word' id='word_1_85' title='bbox 309 780 392 812; x_wconf 86' lang='lat' dir='ltr'>citur</span> <span class='ocrx_word' id='word_1_86' title='bbox 416 778 538 811; x_wconf 90' lang='lat' dir='ltr'>loannis</span> <span class='ocrx_word' id='word_1_87' title='bbox 560 778 702 810; x_wconf 89' lang='lat' dir='ltr'>decimo:</span> <span class='ocrx_word' id='word_1_88' title='bbox 732 778 873 816; x_wconf 85' lang='lat' dir='ltr'>«Pater,</span> <span class='ocrx_word' id='word_1_89' title='bbox 897 777 982 820; x_wconf 91' lang='lat' dir='ltr'>quod</span> <span class='ocrx_word' id='word_1_90' title='bbox 1005 777 1091 810; x_wconf 85' lang='lat' dir='ltr'>dedit</span> <span class='ocrx_word' id='word_1_91' title='bbox 1107 777 1203 816; x_wconf 89' lang='lat' dir='ltr'>mihi,</span> <span class='ocrx_word' id='word_1_92' title='bbox 1221 777 1270 810; x_wconf 90' lang='lat' dir='ltr'>his</span> 
     </span>
     <span class='ocr_line' id='line_1_18' title="bbox 308 831 739 873; baseline -0.005 -9"><span class='ocrx_word' id='word_1_93' title='bbox 308 831 454 864; x_wconf 89' lang='lat' dir='ltr'>omnibus</span> <span class='ocrx_word' id='word_1_94' title='bbox 478 831 550 873; x_wconf 88' lang='lat' dir='ltr'>plus</span> <span class='ocrx_word' id='word_1_95' title='bbox 573 834 620 863; x_wconf 89' lang='lat' dir='ltr'>est</span> <span class='ocrx_word' id='word_1_96' title='bbox 635 844 651 859; x_wconf 67' lang='grc' dir='ltr'>ι)</span> <span class='ocrx_word' id='word_1_97' title='bbox 680 833 739 863; x_wconf 86' lang='lat' dir='ltr'>etc.</span> 
     </span>
    </p>

    <p class='ocr_par' dir='ltr' id='par_1_7' title="bbox 306 882 1270 1031">
     <span class='ocr_line' id='line_1_19' title="bbox 398 882 1268 925; baseline -0.001 -9"><span class='ocrx_word' id='word_1_98' title='bbox 398 885 450 916; x_wconf 73' lang='lat'>52.</span> <span class='ocrx_word' id='word_1_99' title='bbox 476 884 576 925; x_wconf 90' lang='lat' dir='ltr'>(Vers.</span> <span class='ocrx_word' id='word_1_100' title='bbox 597 883 674 923; x_wconf 49' lang='grc' dir='ltr'>ΞΔ).</span> <span class='ocrx_word' id='word_1_101' title='bbox 710 883 793 915; x_wconf 90' lang='lat' dir='ltr'>Cum</span> <span class='ocrx_word' id='word_1_102' title='bbox 824 883 1021 915; x_wconf 79' lang='lat' dir='ltr'>immundus</span> <span class='ocrx_word' id='word_1_103' title='bbox 1043 882 1186 925; x_wconf 75' lang='lat' dir='ltr'>spiritus</span> <span class='ocrx_word' id='word_1_104' title='bbox 1210 887 1268 915; x_wconf 90' lang='lat' dir='ltr'>etc.</span> 
     </span>
     <span class='ocr_line' id='line_1_20' title="bbox 307 936 1270 979; baseline -0.002 -9"><span class='ocrx_word' id='word_1_105' title='bbox 307 938 377 970; x_wconf 86' lang='lat' dir='ltr'>Post</span> <span class='ocrx_word' id='word_1_106' title='bbox 393 937 652 979; x_wconf 81' lang='lat' dir='ltr'>improbationem</span> <span class='ocrx_word' id='word_1_107' title='bbox 668 936 812 969; x_wconf 83' lang='lat' dir='ltr'>falsitatis</span> <span class='ocrx_word' id='word_1_108' title='bbox 828 940 859 969; x_wconf 90' lang='lat' dir='ltr'>et</span> <span class='ocrx_word' id='word_1_109' title='bbox 874 936 1133 978; x_wconf 79' lang='lat' dir='ltr'>approbationem</span> <span class='ocrx_word' id='word_1_110' title='bbox 1154 936 1270 969; x_wconf 84' lang='lat' dir='ltr'>verita-</span> 
     </span>
     <span class='ocr_line' id='line_1_21' title="bbox 306 989 1268 1031; baseline -0.002 -8"><span class='ocrx_word' id='word_1_111' title='bbox 306 991 346 1024; x_wconf 89' lang='lat' dir='ltr'>tis</span> <span class='ocrx_word' id='word_1_112' title='bbox 370 991 475 1023; x_wconf 85' lang='lat' dir='ltr'>subdit</span> <span class='ocrx_word' id='word_1_113' title='bbox 499 991 550 1022; x_wconf 85' lang='lat' dir='ltr'>h-ic</span> <span class='ocrx_word' id='word_1_114' title='bbox 574 990 771 1031; x_wconf 87' lang='lat' dir='ltr'>Evangelista</span> <span class='ocrx_word' id='word_1_115' title='bbox 786 989 1052 1031; x_wconf 77' lang='lat' dir='ltr'>reprobationem</span> <span class='ocrx_word' id='word_1_116' title='bbox 1068 989 1268 1028; x_wconf 73' lang='lat' dir='ltr'>dolositatis,</span> 
     </span>
    </p>
   </div>
   <div class='ocr_carea' id='block_1_7' title="bbox 306 1042 1280 1085">
    <p class='ocr_par' dir='ltr' id='par_1_8' title="bbox 306 1042 1280 1085">
     <span class='ocr_line' id='line_1_22' title="bbox 306 1042 1280 1085; baseline -0.002 -8"><span class='ocrx_word' id='word_1_117' title='bbox 306 1044 397 1077; x_wconf 87' lang='lat' dir='ltr'>cuius</span> <span class='ocrx_word' id='word_1_118' title='bbox 419 1044 508 1085; x_wconf 84' lang='lat' dir='ltr'>origo</span> <span class='ocrx_word' id='word_1_119' title='bbox 531 1047 579 1076; x_wconf 89' lang='lat' dir='ltr'>est</span> <span class='ocrx_word' id='word_1_120' title='bbox 601 1053 620 1075; x_wconf 89' lang='lat' dir='ltr'>a</span> <span class='ocrx_word' id='word_1_121' title='bbox 652 1043 766 1084; x_wconf 90' lang='lat' dir='ltr'>spiritu</span> <span class='ocrx_word' id='word_1_122' title='bbox 799 1043 952 1084; x_wconf 87' lang='lat' dir='ltr'>maligno,</span> <span class='ocrx_word' id='word_1_123' title='bbox 985 1042 1158 1075; x_wconf 89' lang='lat' dir='ltr'>secundum</span> <span class='ocrx_word' id='word_1_124' title='bbox 1190 1043 1280 1075; x_wconf 56' lang='lat' dir='ltr'>illud»</span> 
     </span>
    </p>
   </div>
   <div class='ocr_carea' id='block_1_8' title="bbox 300 1095 1267 1828">
    <p class='ocr_par' dir='ltr' id='par_1_9' title="bbox 300 1095 1267 1565">
     <span class='ocr_line' id='line_1_23' title="bbox 305 1095 1267 1138; baseline -0.003 -8"><span class='ocrx_word' id='word_1_125' title='bbox 305 1098 427 1130; x_wconf 90' lang='lat' dir='ltr'>loannis</span> <span class='ocrx_word' id='word_1_126' title='bbox 449 1097 605 1129; x_wconf 76' lang='lat' dir='ltr'>octavo2:</span> <span class='ocrx_word' id='word_1_127' title='bbox 635 1109 651 1125; x_wconf 80' lang='grc' dir='ltr'>α</span> <span class='ocrx_word' id='word_1_128' title='bbox 669 1096 735 1138; x_wconf 86' lang='lat' dir='ltr'>Ipse</span> <span class='ocrx_word' id='word_1_129' title='bbox 759 1100 806 1128; x_wconf 89' lang='lat' dir='ltr'>est</span> <span class='ocrx_word' id='word_1_130' title='bbox 830 1095 966 1128; x_wconf 86' lang='lat' dir='ltr'>mendax</span> <span class='ocrx_word' id='word_1_131' title='bbox 983 1099 1014 1128; x_wconf 93' lang='lat' dir='ltr'>et</span> <span class='ocrx_word' id='word_1_132' title='bbox 1038 1099 1127 1137; x_wconf 86' lang='lat' dir='ltr'>pater</span> <span class='ocrx_word' id='word_1_133' title='bbox 1151 1096 1220 1128; x_wconf 89' lang='lat' dir='ltr'>eius</span> <span class='ocrx_word' id='word_1_134' title='bbox 1235 1110 1267 1135; x_wconf 71' lang='grc' dir='ltr'>υ,</span> 
     </span>
     <span class='ocr_line' id='line_1_24' title="bbox 305 1148 1267 1191; baseline -0.003 -7"><span class='ocrx_word' id='word_1_135' title='bbox 305 1151 335 1184; x_wconf 90' lang='lat' dir='ltr'>id</span> <span class='ocrx_word' id='word_1_136' title='bbox 359 1155 406 1184; x_wconf 89' lang='lat' dir='ltr'>est</span> <span class='ocrx_word' id='word_1_137' title='bbox 431 1150 582 1183; x_wconf 88' lang='lat' dir='ltr'>mendacii</span> <span class='ocrx_word' id='word_1_138' title='bbox 614 1153 645 1182; x_wconf 91' lang='lat' dir='ltr'>et</span> <span class='ocrx_word' id='word_1_139' title='bbox 677 1149 895 1182; x_wconf 81' lang='lat' dir='ltr'>simulationis.</span> <span class='ocrx_word' id='word_1_140' title='bbox 920 1148 1076 1191; x_wconf 83' lang='lat' dir='ltr'>Reprobat</span> <span class='ocrx_word' id='word_1_141' title='bbox 1099 1158 1175 1191; x_wconf 86' lang='lat' dir='ltr'>ergo</span> <span class='ocrx_word' id='word_1_142' title='bbox 1202 1149 1267 1181; x_wconf 89' lang='lat' dir='ltr'>Sal-</span> 
     </span>
     <span class='ocr_line' id='line_1_25' title="bbox 304 1202 1266 1245; baseline -0.003 -8"><span class='ocrx_word' id='word_1_143' title='bbox 304 1208 395 1237; x_wconf 83' lang='lat' dir='ltr'>vator</span> <span class='ocrx_word' id='word_1_144' title='bbox 430 1204 625 1236; x_wconf 84' lang='lat' dir='ltr'>dolositatem</span> <span class='ocrx_word' id='word_1_145' title='bbox 664 1202 922 1241; x_wconf 84' lang='lat' dir='ltr'>Pharisaeorum,</span> <span class='ocrx_word' id='word_1_146' title='bbox 957 1203 1049 1235; x_wconf 88' lang='lat' dir='ltr'>cuius</span> <span class='ocrx_word' id='word_1_147' title='bbox 1084 1202 1266 1245; x_wconf 67' lang='lat' dir='ltr'>originem,</span> 
     </span>
     <span class='ocr_line' id='line_1_26' title="bbox 300 1255 1265 1300; baseline -0.001 -11"><span class='ocrx_word' id='word_1_148' title='bbox 300 1266 519 1300; x_wconf 66' lang='lat' dir='ltr'>propressum</span> <span class='ocrx_word' id='word_1_149' title='bbox 544 1259 575 1288; x_wconf 90' lang='lat' dir='ltr'>et</span> <span class='ocrx_word' id='word_1_150' title='bbox 598 1255 913 1288; x_wconf 73' lang='lat' dir='ltr'>consummationem</span> <span class='ocrx_word' id='word_1_151' title='bbox 936 1255 1072 1288; x_wconf 86' lang='lat' dir='ltr'>ostendit</span> <span class='ocrx_word' id='word_1_152' title='bbox 1088 1256 1118 1288; x_wconf 91' lang='lat' dir='ltr'>in</span> <span class='ocrx_word' id='word_1_153' title='bbox 1136 1256 1181 1288; x_wconf 91' lang='lat' dir='ltr'>eis</span> <span class='ocrx_word' id='word_1_154' title='bbox 1197 1255 1265 1288; x_wconf 83' lang='lat' dir='ltr'>tieri</span> 
     </span>
     <span class='ocr_line' id='line_1_27' title="bbox 306 1308 1264 1352; baseline -0.002 -10"><span class='ocrx_word' id='word_1_155' title='bbox 306 1319 362 1352; x_wconf 91' lang='lat' dir='ltr'>per</span> <span class='ocrx_word' id='word_1_156' title='bbox 385 1309 531 1351; x_wconf 87' lang='lat' dir='ltr'>spiritum</span> <span class='ocrx_word' id='word_1_157' title='bbox 556 1309 747 1350; x_wconf 85' lang='lat' dir='ltr'>malignum,</span> <span class='ocrx_word' id='word_1_158' title='bbox 772 1312 803 1341; x_wconf 91' lang='lat' dir='ltr'>et</span> <span class='ocrx_word' id='word_1_159' title='bbox 826 1309 886 1342; x_wconf 90' lang='lat' dir='ltr'>hoc</span> <span class='ocrx_word' id='word_1_160' title='bbox 910 1312 1063 1350; x_wconf 87' lang='lat' dir='ltr'>quantum</span> <span class='ocrx_word' id='word_1_161' title='bbox 1081 1308 1120 1340; x_wconf 84' lang='lat' dir='ltr'>ad</span> <span class='ocrx_word' id='word_1_162' title='bbox 1136 1308 1264 1350; x_wconf 86' lang='lat' dir='ltr'>maligni</span> 
     </span>
     <span class='ocr_line' id='line_1_28' title="bbox 304 1361 1265 1404; baseline -0.002 -9"><span class='ocrx_word' id='word_1_163' title='bbox 304 1362 435 1404; x_wconf 89' lang='lat' dir='ltr'>spiritus</span> <span class='ocrx_word' id='word_1_164' title='bbox 459 1371 645 1404; x_wconf 69' lang='lat' dir='ltr'>eyressum,</span> <span class='ocrx_word' id='word_1_165' title='bbox 670 1371 857 1403; x_wconf 59' lang='lat' dir='ltr'>repressum</span> <span class='ocrx_word' id='word_1_166' title='bbox 883 1365 914 1394; x_wconf 88' lang='lat' dir='ltr'>et</span> <span class='ocrx_word' id='word_1_167' title='bbox 937 1361 1136 1404; x_wconf 64' lang='lat' dir='ltr'>ingressum.</span> <span class='ocrx_word' id='word_1_168' title='bbox 1166 1362 1265 1404; x_wconf 63' lang='lat' dir='ltr'>Eyre÷</span> 
     </span>
     <span class='ocr_line' id='line_1_29' title="bbox 304 1409 1265 1457; baseline -0.001 -9"><span class='ocrx_word' id='word_1_169' title='bbox 304 1416 397 1449; x_wconf 82' lang='lat' dir='ltr'>ditur</span> <span class='ocrx_word' id='word_1_170' title='bbox 423 1424 556 1457; x_wconf 88' lang='lat' dir='ltr'>namque</span> <span class='ocrx_word' id='word_1_171' title='bbox 580 1424 636 1456; x_wconf 89' lang='lat' dir='ltr'>per</span> <span class='ocrx_word' id='word_1_172' title='bbox 659 1409 896 1447; x_wconf 86' lang='lat' dir='ltr'>detestationem</span> <span class='ocrx_word' id='word_1_173' title='bbox 929 1414 1189 1453; x_wconf 76' lang='lat' dir='ltr'>immunditiae³‚</span> <span class='ocrx_word' id='word_1_174' title='bbox 1214 1425 1265 1447; x_wconf 85' lang='lat' dir='ltr'>re—</span> 
     </span>
     <span class='ocr_line' id='line_1_30' title="bbox 302 1468 1266 1512; baseline -0.001 -10"><span class='ocrx_word' id='word_1_175' title='bbox 302 1469 456 1512; x_wconf 75' lang='lat' dir='ltr'>yreditur</span> <span class='ocrx_word' id='word_1_176' title='bbox 480 1478 536 1510; x_wconf 87' lang='lat' dir='ltr'>per</span> <span class='ocrx_word' id='word_1_177' title='bbox 560 1469 789 1501; x_wconf 83' lang='lat' dir='ltr'>simulationem</span> <span class='ocrx_word' id='word_1_178' title='bbox 814 1468 968 1507; x_wconf 89' lang='lat' dir='ltr'>iustitiae,</span> <span class='ocrx_word' id='word_1_179' title='bbox 998 1468 1051 1501; x_wconf 91' lang='lat' dir='ltr'>sed</span> <span class='ocrx_word' id='word_1_180' title='bbox 1075 1468 1266 1511; x_wconf 70' lang='lat' dir='ltr'>inqredtcur</span> 
     </span>
     <span class='ocr_line' id='line_1_31' title="bbox 303 1522 846 1565; baseline -0.002 -10"><span class='ocrx_word' id='word_1_181' title='bbox 303 1532 359 1565; x_wconf 91' lang='lat' dir='ltr'>per</span> <span class='ocrx_word' id='word_1_182' title='bbox 383 1522 654 1565; x_wconf 78' lang='lat' dir='ltr'>profundationem</span> <span class='ocrx_word' id='word_1_183' title='bbox 679 1522 846 1564; x_wconf 86' lang='lat' dir='ltr'>nequitiae.</span> 
     </span>
    </p>

    <p class='ocr_par' dir='ltr' id='par_1_10' title="bbox 302 1575 1266 1828">
     <span class='ocr_line' id='line_1_32' title="bbox 394 1575 1265 1617; baseline 0 -10"><span class='ocrx_word' id='word_1_184' title='bbox 394 1576 496 1607; x_wconf 92' lang='lat' dir='ltr'>Primo</span> <span class='ocrx_word' id='word_1_185' title='bbox 512 1575 608 1617; x_wconf 88' lang='lat' dir='ltr'>igitur</span> <span class='ocrx_word' id='word_1_186' title='bbox 633 1579 787 1617; x_wconf 85' lang='lat' dir='ltr'>quantum</span> <span class='ocrx_word' id='word_1_187' title='bbox 804 1575 843 1607; x_wconf 84' lang='lat' dir='ltr'>ad</span> <span class='ocrx_word' id='word_1_188' title='bbox 866 1585 1033 1617; x_wconf 53' lang='lat' dir='ltr'>egressum</span> <span class='ocrx_word' id='word_1_189' title='bbox 1059 1575 1191 1617; x_wconf 88' lang='lat' dir='ltr'>spiritus</span> <span class='ocrx_word' id='word_1_190' title='bbox 1207 1575 1265 1607; x_wconf 90' lang='lat' dir='ltr'>im-</span> 
     </span>
     <span class='ocr_line' id='line_1_33' title="bbox 1181 1628 1266 1660; baseline 0 0"><span class='ocrx_word' id='word_1_191' title='bbox 1181 1628 1266 1660; x_wconf 87' lang='lat' dir='ltr'>Cum</span> 
     </span>
     <span class='ocr_line' id='line_1_34' title="bbox 304 1679 1266 1724; baseline -0.001 -10"><span class='ocrx_word' id='word_1_192' title='bbox 304 1682 499 1714; x_wconf 80' lang='lat' dir='ltr'>immundus</span> <span class='ocrx_word' id='word_1_193' title='bbox 529 1681 671 1724; x_wconf 64' lang='lat' dir='ltr'>spiiitus</span> <span class='ocrx_word' id='word_1_194' title='bbox 704 1681 822 1713; x_wconf 68' lang='lat' dir='ltr'>exierit</span> <span class='ocrx_word' id='word_1_195' title='bbox 856 1680 897 1713; x_wconf 85' lang='lat' dir='ltr'>ab</span> <span class='ocrx_word' id='word_1_196' title='bbox 933 1679 1107 1719; x_wconf 52' lang='lat' dir='ltr'>nominee,</span> <span class='ocrx_word' id='word_1_197' title='bbox 1148 1681 1266 1713; x_wconf 83' lang='lat' dir='ltr'>scilicet</span> 
     </span>
     <span class='ocr_line' id='line_1_35' title="bbox 303 1733 1265 1777; baseline -0.002 -10"><span class='ocrx_word' id='word_1_198' title='bbox 303 1744 359 1777; x_wconf 91' lang='lat' dir='ltr'>per</span> <span class='ocrx_word' id='word_1_199' title='bbox 395 1743 501 1767; x_wconf 89' lang='lat' dir='ltr'>veram</span> <span class='ocrx_word' id='word_1_200' title='bbox 536 1734 783 1776; x_wconf 87' lang='lat' dir='ltr'>poenitentiam,</span> <span class='ocrx_word' id='word_1_201' title='bbox 819 1733 992 1766; x_wconf 90' lang='lat' dir='ltr'>secundum</span> <span class='ocrx_word' id='word_1_202' title='bbox 1030 1733 1106 1766; x_wconf 88' lang='lat' dir='ltr'>illud</span> <span class='ocrx_word' id='word_1_203' title='bbox 1148 1733 1265 1766; x_wconf 91' lang='lat' dir='ltr'>Zacha-</span> 
     </span>
     <span class='ocr_line' id='line_1_36' title="bbox 302 1787 1264 1828; baseline -0.002 -7"><span class='ocrx_word' id='word_1_204' title='bbox 302 1789 368 1821; x_wconf 90' lang='lat' dir='ltr'>riae</span> <span class='ocrx_word' id='word_1_205' title='bbox 398 1788 520 1821; x_wconf 88' lang='lat' dir='ltr'>decimo</span> <span class='ocrx_word' id='word_1_206' title='bbox 548 1787 662 1820; x_wconf 88' lang='lat' dir='ltr'>tertio:</span> <span class='ocrx_word' id='word_1_207' title='bbox 700 1800 715 1815; x_wconf 89' lang='lat'>«</span> <span class='ocrx_word' id='word_1_208' title='bbox 733 1787 1024 1828; x_wconf 85' lang='lat' dir='ltr'>Pseudoprophetas</span> <span class='ocrx_word' id='word_1_209' title='bbox 1055 1790 1087 1819; x_wconf 90' lang='lat' dir='ltr'>et</span> <span class='ocrx_word' id='word_1_210' title='bbox 1118 1787 1264 1828; x_wconf 89' lang='lat' dir='ltr'>spiritum</span> 
     </span>
    </p>
   </div>
   <div class='ocr_carea' id='block_1_9' title="bbox 303 1840 1276 1874">
    <p class='ocr_par' dir='ltr' id='par_1_11' title="bbox 303 1840 1276 1874">
     <span class='ocr_line' id='line_1_37' title="bbox 303 1840 1276 1874; baseline 0 0"><span class='ocrx_word' id='word_1_211' title='bbox 303 1842 501 1874; x_wconf 87' lang='lat' dir='ltr'>immundum</span> <span class='ocrx_word' id='word_1_212' title='bbox 533 1841 674 1873; x_wconf 77' lang='lat' dir='ltr'>auferam</span> <span class='ocrx_word' id='word_1_213' title='bbox 703 1841 742 1873; x_wconf 91' lang='lat' dir='ltr'>de</span> <span class='ocrx_word' id='word_1_214' title='bbox 766 1844 852 1873; x_wconf 87' lang='lat' dir='ltr'>terra</span> <span class='ocrx_word' id='word_1_215' title='bbox 868 1854 898 1872; x_wconf 85' lang='lat'>».</span> <span class='ocrx_word' id='word_1_216' title='bbox 923 1840 967 1873; x_wconf 84' lang='lat' dir='ltr'>Ad</span> <span class='ocrx_word' id='word_1_217' title='bbox 990 1841 1049 1873; x_wconf 88' lang='lat' dir='ltr'>hoc</span> <span class='ocrx_word' id='word_1_218' title='bbox 1073 1843 1179 1873; x_wconf 89' lang='lat' dir='ltr'>autem</span> <span class='ocrx_word' id='word_1_219' title='bbox 1211 1840 1276 1874; x_wconf 79' lang='lat' dir='ltr'>ne-&#39;</span> 
     </span>
    </p>
   </div>
   <div class='ocr_carea' id='block_1_10' title="bbox 301 1894 1265 2417">
    <p class='ocr_par' dir='ltr' id='par_1_12' title="bbox 301 1894 1265 2417">
     <span class='ocr_line' id='line_1_38' title="bbox 303 1894 1263 1936; baseline -0.001 -8"><span class='ocrx_word' id='word_1_220' title='bbox 303 1895 438 1928; x_wconf 80' lang='lat' dir='ltr'>cessaria</span> <span class='ocrx_word' id='word_1_221' title='bbox 469 1899 516 1927; x_wconf 91' lang='lat' dir='ltr'>est</span> <span class='ocrx_word' id='word_1_222' title='bbox 546 1894 736 1927; x_wconf 84' lang='lat' dir='ltr'>abstinentia</span> <span class='ocrx_word' id='word_1_223' title='bbox 767 1897 799 1927; x_wconf 88' lang='lat' dir='ltr'>et</span> <span class='ocrx_word' id='word_1_224' title='bbox 829 1894 980 1927; x_wconf 90' lang='lat' dir='ltr'>orationis</span> <span class='ocrx_word' id='word_1_225' title='bbox 1010 1894 1174 1933; x_wconf 87' lang='lat' dir='ltr'>instantia,</span> <span class='ocrx_word' id='word_1_226' title='bbox 1206 1903 1263 1936; x_wconf 92' lang='lat' dir='ltr'>per</span> 
     </span>
     <span class='ocr_line' id='line_1_39' title="bbox 302 1948 1265 1991; baseline 0 -11"><span class='ocrx_word' id='word_1_227' title='bbox 302 1958 384 1991; x_wconf 87' lang='lat' dir='ltr'>quae</span> <span class='ocrx_word' id='word_1_228' title='bbox 413 1948 603 1981; x_wconf 85' lang='lat' dir='ltr'>mundamur</span> <span class='ocrx_word' id='word_1_229' title='bbox 627 1948 713 1980; x_wconf 89' lang='lat' dir='ltr'>intus</span> <span class='ocrx_word' id='word_1_230' title='bbox 737 1951 768 1980; x_wconf 93' lang='lat' dir='ltr'>et</span> <span class='ocrx_word' id='word_1_231' title='bbox 792 1951 905 1987; x_wconf 84' lang='lat' dir='ltr'>extra.;</span> <span class='ocrx_word' id='word_1_232' title='bbox 930 1952 961 1980; x_wconf 93' lang='lat' dir='ltr'>et</span> <span class='ocrx_word' id='word_1_233' title='bbox 985 1951 1060 1981; x_wconf 90' lang='lat' dir='ltr'>tunc</span> <span class='ocrx_word' id='word_1_234' title='bbox 1084 1948 1151 1981; x_wconf 90' lang='lat' dir='ltr'>exit</span> <span class='ocrx_word' id='word_1_235' title='bbox 1172 1948 1265 1990; x_wconf 91' lang='lat' dir='ltr'>spiri-</span> 
     </span>
     <span class='ocr_line' id='line_1_40' title="bbox 302 2001 1265 2041; baseline 0 -7"><span class='ocrx_word' id='word_1_236' title='bbox 302 2006 354 2035; x_wconf 83' lang='lat' dir='ltr'>tus</span> <span class='ocrx_word' id='word_1_237' title='bbox 378 2002 577 2041; x_wconf 87' lang='lat' dir='ltr'>immundus,</span> <span class='ocrx_word' id='word_1_238' title='bbox 602 2001 775 2034; x_wconf 90' lang='lat' dir='ltr'>secundum</span> <span class='ocrx_word' id='word_1_239' title='bbox 802 2002 879 2034; x_wconf 91' lang='lat' dir='ltr'>illud</span> <span class='ocrx_word' id='word_1_240' title='bbox 902 2002 1048 2035; x_wconf 84' lang='lat' dir='ltr'>Matthaei</span> <span class='ocrx_word' id='word_1_241' title='bbox 1071 2001 1193 2035; x_wconf 89' lang='lat' dir='ltr'>decimo</span> <span class='ocrx_word' id='word_1_242' title='bbox 1216 2011 1265 2035; x_wconf 93' lang='lat' dir='ltr'>se-</span> 
     </span>
     <span class='ocr_line' id='line_1_41' title="bbox 301 2055 1264 2098; baseline 0 -10"><span class='ocrx_word' id='word_1_243' title='bbox 301 2056 444 2098; x_wconf 85' lang='lat' dir='ltr'>ptimo⁵:</span> <span class='ocrx_word' id='word_1_244' title='bbox 474 2068 489 2084; x_wconf 89' lang='lat'>«</span> <span class='ocrx_word' id='word_1_245' title='bbox 507 2056 567 2088; x_wconf 86' lang='lat' dir='ltr'>Hoc</span> <span class='ocrx_word' id='word_1_246' title='bbox 591 2065 691 2097; x_wconf 85' lang='lat' dir='ltr'>genus</span> <span class='ocrx_word' id='word_1_247' title='bbox 715 2056 867 2088; x_wconf 88' lang='lat' dir='ltr'>daemonii</span> <span class='ocrx_word' id='word_1_248' title='bbox 893 2065 954 2088; x_wconf 92' lang='lat' dir='ltr'>non</span> <span class='ocrx_word' id='word_1_249' title='bbox 979 2055 1104 2089; x_wconf 90' lang='lat' dir='ltr'>eiicitur</span> <span class='ocrx_word' id='word_1_250' title='bbox 1124 2056 1183 2089; x_wconf 92' lang='lat' dir='ltr'>nisi</span> <span class='ocrx_word' id='word_1_251' title='bbox 1207 2065 1264 2098; x_wconf 91' lang='lat' dir='ltr'>per</span> 
     </span>
     <span class='ocr_line' id='line_1_42' title="bbox 301 2109 1264 2152; baseline 0 -10"><span class='ocrx_word' id='word_1_252' title='bbox 301 2110 475 2142; x_wconf 92' lang='lat' dir='ltr'>orationem</span> <span class='ocrx_word' id='word_1_253' title='bbox 499 2113 531 2142; x_wconf 89' lang='lat' dir='ltr'>et</span> <span class='ocrx_word' id='word_1_254' title='bbox 554 2109 707 2142; x_wconf 91' lang='lat' dir='ltr'>ieiunium</span> <span class='ocrx_word' id='word_1_255' title='bbox 725 2123 755 2141; x_wconf 74' lang='lat' dir='ltr'>n.</span> <span class='ocrx_word' id='word_1_256' title='bbox 781 2128 824 2133; x_wconf 90' lang='lat'>—-</span> <span class='ocrx_word' id='word_1_257' title='bbox 849 2110 884 2142; x_wconf 92' lang='lat' dir='ltr'>Et</span> <span class='ocrx_word' id='word_1_258' title='bbox 907 2110 1055 2152; x_wconf 89' lang='lat' dir='ltr'>quoniam</span> <span class='ocrx_word' id='word_1_259' title='bbox 1079 2109 1193 2142; x_wconf 89' lang='lat' dir='ltr'>diaboli</span> <span class='ocrx_word' id='word_1_260' title='bbox 1210 2110 1264 2142; x_wconf 89' lang='lat' dir='ltr'>de-</span> 
     </span>
     <span class='ocr_line' id='line_1_43' title="bbox 302 2162 1264 2204; baseline 0 -9"><span class='ocrx_word' id='word_1_261' title='bbox 302 2162 452 2195; x_wconf 91' lang='lat' dir='ltr'>siderium</span> <span class='ocrx_word' id='word_1_262' title='bbox 477 2171 601 2204; x_wconf 88' lang='lat' dir='ltr'>semper</span> <span class='ocrx_word' id='word_1_263' title='bbox 625 2166 672 2195; x_wconf 89' lang='lat' dir='ltr'>est</span> <span class='ocrx_word' id='word_1_264' title='bbox 688 2163 726 2194; x_wconf 86' lang='lat' dir='ltr'>ad</span> <span class='ocrx_word' id='word_1_265' title='bbox 743 2162 956 2195; x_wconf 83' lang='lat' dir='ltr'>seductionem</span> <span class='ocrx_word' id='word_1_266' title='bbox 973 2162 1128 2195; x_wconf 90' lang='lat' dir='ltr'>bonorum</span> <span class='ocrx_word' id='word_1_267' title='bbox 1140 2189 1147 2202; x_wconf 91' lang='lat'>,</span> <span class='ocrx_word' id='word_1_268' title='bbox 1164 2172 1264 2204; x_wconf 86' lang='lat' dir='ltr'>quan-</span> 
     </span>
     <span class='ocr_line' id='line_1_44' title="bbox 302 2215 1264 2257; baseline -0.001 -9"><span class='ocrx_word' id='word_1_269' title='bbox 302 2218 509 2257; x_wconf 87' lang='lat' dir='ltr'>tumcumque</span> <span class='ocrx_word' id='word_1_270' title='bbox 525 2215 565 2248; x_wconf 91' lang='lat' dir='ltr'>ab</span> <span class='ocrx_word' id='word_1_271' title='bbox 580 2215 649 2248; x_wconf 89' lang='lat' dir='ltr'>aliis</span> <span class='ocrx_word' id='word_1_272' title='bbox 669 2215 869 2257; x_wconf 87' lang='lat' dir='ltr'>expellatur;</span> <span class='ocrx_word' id='word_1_273' title='bbox 894 2215 963 2248; x_wconf 91' lang='lat' dir='ltr'>ideo</span> <span class='ocrx_word' id='word_1_274' title='bbox 987 2215 1114 2248; x_wconf 88' lang='lat' dir='ltr'>subdit:</span> <span class='ocrx_word' id='word_1_275' title='bbox 1140 2215 1264 2247; x_wconf 88' lang='lat' dir='ltr'>Ambu-</span> 
     </span>
     <span class='ocr_line' id='line_1_45' title="bbox 303 2268 1263 2312; baseline 0.001 -12"><span class='ocrx_word' id='word_1_276' title='bbox 303 2268 348 2300; x_wconf 83' lang='lat' dir='ltr'>lat</span> <span class='ocrx_word' id='word_1_277' title='bbox 367 2278 428 2310; x_wconf 86' lang='lat' dir='ltr'>per</span> <span class='ocrx_word' id='word_1_278' title='bbox 444 2268 516 2300; x_wconf 83' lang='lat' dir='ltr'>loca</span> <span class='ocrx_word' id='word_1_279' title='bbox 532 2268 635 2300; x_wconf 75' lang='lat' dir='ltr'>arida</span> <span class='ocrx_word' id='word_1_280' title='bbox 651 2273 680 2300; x_wconf 81' lang='lat' dir='ltr'>et</span> <span class='ocrx_word' id='word_1_281' title='bbox 692 2268 704 2287; x_wconf 80' lang='lat'>⁶</span> <span class='ocrx_word' id='word_1_282' title='bbox 724 2269 907 2312; x_wconf 76' lang='lat' dir='ltr'>inaquosa,</span> <span class='ocrx_word' id='word_1_283' title='bbox 928 2277 1091 2311; x_wconf 79' lang='lat' dir='ltr'>quaerens</span> <span class='ocrx_word' id='word_1_284' title='bbox 1107 2268 1263 2311; x_wconf 82' lang='lat' dir='ltr'>requiem.</span> 
     </span>
     <span class='ocr_line' id='line_1_46' title="bbox 302 2320 1264 2364; baseline -0.001 -11"><span class='ocrx_word' id='word_1_285' title='bbox 302 2322 381 2353; x_wconf 90' lang='lat' dir='ltr'>Loca</span> <span class='ocrx_word' id='word_1_286' title='bbox 405 2321 510 2353; x_wconf 80' lang='lat' dir='ltr'>arida</span> <span class='ocrx_word' id='word_1_287' title='bbox 541 2325 568 2354; x_wconf 83' lang='lat' dir='ltr'>et</span> <span class='ocrx_word' id='word_1_288' title='bbox 600 2321 766 2364; x_wconf 81' lang='lat' dir='ltr'>inaquosa</span> <span class='ocrx_word' id='word_1_289' title='bbox 797 2324 872 2354; x_wconf 90' lang='lat' dir='ltr'>sunt</span> <span class='ocrx_word' id='word_1_290' title='bbox 894 2321 979 2359; x_wconf 87' lang='lat' dir='ltr'>loca,</span> <span class='ocrx_word' id='word_1_291' title='bbox 1004 2320 1035 2352; x_wconf 91' lang='lat' dir='ltr'>in</span> <span class='ocrx_word' id='word_1_292' title='bbox 1060 2320 1178 2362; x_wconf 92' lang='lat' dir='ltr'>quibus</span> <span class='ocrx_word' id='word_1_293' title='bbox 1201 2329 1264 2352; x_wconf 89' lang='lat' dir='ltr'>non</span> 
     </span>
     <span class='ocr_line' id='line_1_47' title="bbox 301 2373 1264 2417; baseline 0 -11"><span class='ocrx_word' id='word_1_294' title='bbox 301 2374 385 2417; x_wconf 87' lang='lat' dir='ltr'>viget</span> <span class='ocrx_word' id='word_1_295' title='bbox 401 2374 582 2410; x_wconf 63' lang='lat' dir='ltr'>„carnalitas</span> <span class='ocrx_word' id='word_1_296' title='bbox 605 2383 663 2407; x_wconf 90' lang='lat' dir='ltr'>nec</span> <span class='ocrx_word' id='word_1_297' title='bbox 687 2375 956 2417; x_wconf 89' lang='lat' dir='ltr'>concupiscentia,</span> <span class='ocrx_word' id='word_1_298' title='bbox 980 2374 1155 2407; x_wconf 88' lang='lat' dir='ltr'>secundum</span> <span class='ocrx_word' id='word_1_299' title='bbox 1186 2373 1264 2406; x_wconf 88' lang='lat' dir='ltr'>illud</span> 
     </span>
    </p>
   </div>
   <div class='ocr_carea' id='block_1_11' title="bbox 1296 734 1304 1623">
    <p class='ocr_par' dir='ltr' id='par_1_13' title="bbox 1296 734 1304 1623">
     <span class='ocr_line' id='line_1_48' title="bbox 1296 734 1304 1623; baseline 0 0"><span class='ocrx_word' id='word_1_300' title='bbox 1296 734 1304 1623; x_wconf 95' lang='lat' dir='ltr'> </span> 
     </span>
    </p>
   </div>
   <div class='ocr_carea' id='block_1_12' title="bbox 1309 1891 1933 1930">
    <p class='ocr_par' dir='ltr' id='par_1_14' title="bbox 1309 1891 1933 1930">
     <span class='ocr_line' id='line_1_49' title="bbox 1309 1891 1933 1930; baseline 0 -6"><span class='ocrx_word' id='word_1_301' title='bbox 1309 1895 1377 1925; x_wconf 81' lang='lat' dir='ltr'>&#39;est</span> <span class='ocrx_word' id='word_1_302' title='bbox 1401 1892 1489 1930; x_wconf 87' lang='lat' dir='ltr'>iuris</span> <span class='ocrx_word' id='word_1_303' title='bbox 1504 1891 1571 1930; x_wconf 91' lang='lat' dir='ltr'>sui,</span> <span class='ocrx_word' id='word_1_304' title='bbox 1596 1891 1649 1924; x_wconf 89' lang='lat' dir='ltr'>sed</span> <span class='ocrx_word' id='word_1_305' title='bbox 1673 1901 1785 1925; x_wconf 89' lang='lat' dir='ltr'>servus</span> <span class='ocrx_word' id='word_1_306' title='bbox 1809 1891 1933 1925; x_wconf 88' lang='lat' dir='ltr'>diaboli.</span> 
     </span>
    </p>
   </div>
   <div class='ocr_carea' id='block_1_13' title="bbox 1294 1858 1299 2398">
    <p class='ocr_par' dir='ltr' id='par_1_15' title="bbox 1294 1858 1299 2398">
     <span class='ocr_line' id='line_1_50' title="bbox 1294 1858 1299 2398; baseline 0 0"><span class='ocrx_word' id='word_1_307' title='bbox 1294 1858 1299 2398; x_wconf 95' lang='lat' dir='ltr'> </span> 
     </span>
    </p>
   </div>
   <div class='ocr_carea' id='block_1_14' title="bbox 915 261 1702 295">
    <p class='ocr_par' dir='ltr' id='par_1_16' title="bbox 915 261 1702 295">
     <span class='ocr_line' id='line_1_51' title="bbox 915 261 1702 295; baseline 0.001 -1"><span class='ocrx_word' id='word_1_308' title='bbox 915 262 1108 294; x_wconf 83' lang='lat' dir='ltr'>COMMENT.</span> <span class='ocrx_word' id='word_1_309' title='bbox 1133 262 1169 294; x_wconf 82' lang='lat' dir='ltr'>IN</span> <span class='ocrx_word' id='word_1_310' title='bbox 1193 261 1431 295; x_wconf 76' lang='lat' dir='ltr'><strong>EVANGELIUM</strong></span> <span class='ocrx_word' id='word_1_311' title='bbox 1456 261 1574 295; x_wconf 78' lang='lat' dir='ltr'>LUCAE</span> <span class='ocrx_word' id='word_1_312' title='bbox 1597 262 1630 294; x_wconf 91' lang='lat' dir='ltr'>C.</span> <span class='ocrx_word' id='word_1_313' title='bbox 1655 262 1702 295; x_wconf 76' lang='lat' dir='ltr'>xl.</span> 
     </span>
    </p>
   </div>
   <div class='ocr_carea' id='block_1_15' title="bbox 1334 350 2295 448">
    <p class='ocr_par' dir='ltr' id='par_1_17' title="bbox 1334 350 2295 448">
     <span class='ocr_line' id='line_1_52' title="bbox 1334 350 2295 395; baseline 0.005 -13"><span class='ocrx_word' id='word_1_314' title='bbox 1334 350 1445 382; x_wconf 86' lang='lat' dir='ltr'>Psalmi</span> <span class='ocrx_word' id='word_1_315' title='bbox 1459 351 1489 382; x_wconf 87' lang='lat'>⁷:</span> <span class='ocrx_word' id='word_1_316' title='bbox 1519 363 1534 379; x_wconf 78' lang='grc' dir='ltr'>α</span> <span class='ocrx_word' id='word_1_317' title='bbox 1552 351 1583 383; x_wconf 87' lang='lat' dir='ltr'>ln</span> <span class='ocrx_word' id='word_1_318' title='bbox 1608 354 1695 383; x_wconf 85' lang='lat' dir='ltr'>terra</span> <span class='ocrx_word' id='word_1_319' title='bbox 1717 351 1842 384; x_wconf 83' lang='lat' dir='ltr'>deserta</span> <span class='ocrx_word' id='word_1_320' title='bbox 1863 355 1895 384; x_wconf 89' lang='lat' dir='ltr'>et</span> <span class='ocrx_word' id='word_1_321' title='bbox 1919 352 2002 385; x_wconf 86' lang='lat' dir='ltr'>invia</span> <span class='ocrx_word' id='word_1_322' title='bbox 2017 357 2049 385; x_wconf 92' lang='lat' dir='ltr'>et</span> <span class='ocrx_word' id='word_1_323' title='bbox 2065 353 2233 395; x_wconf 88' lang='lat' dir='ltr'>inaquosa,</span> <span class='ocrx_word' id='word_1_324' title='bbox 2250 354 2295 387; x_wconf 86' lang='lat' dir='ltr'>sic</span> 
     </span>
     <span class='ocr_line' id='line_1_53' title="bbox 1334 403 2295 448; baseline 0.005 -13"><span class='ocrx_word' id='word_1_325' title='bbox 1334 403 1365 435; x_wconf 95' lang='lat' dir='ltr'>in</span> <span class='ocrx_word' id='word_1_326' title='bbox 1390 407 1498 436; x_wconf 89' lang='lat' dir='ltr'>sancto</span> <span class='ocrx_word' id='word_1_327' title='bbox 1520 404 1654 446; x_wconf 88' lang='lat' dir='ltr'>apparui</span> <span class='ocrx_word' id='word_1_328' title='bbox 1678 404 1779 443; x_wconf 76' lang='lat' dir='ltr'>tibi»,</span> <span class='ocrx_word' id='word_1_329' title='bbox 1797 405 1970 439; x_wconf 88' lang='lat' dir='ltr'>secundum</span> <span class='ocrx_word' id='word_1_330' title='bbox 1987 405 2072 447; x_wconf 92' lang='lat' dir='ltr'>quod</span> <span class='ocrx_word' id='word_1_331' title='bbox 2089 406 2295 448; x_wconf 86' lang='lat' dir='ltr'>Hieronymus</span> 
     </span>
    </p>
   </div>
   <div class='ocr_carea' id='block_1_16' title="bbox 1333 457 2451 500">
    <p class='ocr_par' dir='ltr' id='par_1_18' title="bbox 1333 457 2451 500">
     <span class='ocr_line' id='line_1_54' title="bbox 1333 457 2451 500; baseline 0.003 -12"><span class='ocrx_word' id='word_1_332' title='bbox 1333 457 1474 498; x_wconf 88' lang='lat' dir='ltr'>exponit.</span> <span class='ocrx_word' id='word_1_333' title='bbox 1501 457 1535 489; x_wconf 89' lang='lat' dir='ltr'>Et</span> <span class='ocrx_word' id='word_1_334' title='bbox 1559 460 1726 499; x_wconf 88' lang='lat' dir='ltr'>propterea</span> <span class='ocrx_word' id='word_1_335' title='bbox 1749 457 1844 499; x_wconf 86' lang='lat' dir='ltr'>Virgo</span> <span class='ocrx_word' id='word_1_336' title='bbox 1868 458 1981 496; x_wconf 88' lang='lat' dir='ltr'>Maria,</span> <span class='ocrx_word' id='word_1_337' title='bbox 2005 458 2081 500; x_wconf 86' lang='lat' dir='ltr'>quia</span> <span class='ocrx_word' id='word_1_338' title='bbox 2096 460 2223 492; x_wconf 89' lang='lat' dir='ltr'>omnino</span> <span class='ocrx_word' id='word_1_339' title='bbox 2240 461 2294 493; x_wconf 90' lang='lat' dir='ltr'>ha·</span> <span class='ocrx_word' id='word_1_340' title='bbox 2315 466 2451 491; x_wconf 72' lang='lat' dir='ltr'>Notandum</span> 
     </span>
    </p>
   </div>
   <div class='ocr_carea' id='block_1_17' title="bbox 1329 510 2295 2085">
    <p class='ocr_par' dir='ltr' id='par_1_19' title="bbox 1330 510 2295 1349">
     <span class='ocr_line' id='line_1_55' title="bbox 1334 510 2295 554; baseline 0.004 -12"><span class='ocrx_word' id='word_1_341' title='bbox 1334 510 1404 542; x_wconf 89' lang='lat' dir='ltr'>buit</span> <span class='ocrx_word' id='word_1_342' title='bbox 1432 510 1620 543; x_wconf 80' lang='lat' dir='ltr'>exstinctam</span> <span class='ocrx_word' id='word_1_343' title='bbox 1650 510 1953 552; x_wconf 83' lang='lat' dir='ltr'>concupiscentiam,</span> <span class='ocrx_word' id='word_1_344' title='bbox 1976 511 2093 544; x_wconf 89' lang='lat' dir='ltr'>dicitur</span> <span class='ocrx_word' id='word_1_345' title='bbox 2113 517 2212 554; x_wconf 81' lang='lat' dir='ltr'>petra</span> <span class='ocrx_word' id='word_1_346' title='bbox 2241 514 2295 546; x_wconf 79' lang='lat' dir='ltr'>de-</span> 
     </span>
     <span class='ocr_line' id='line_1_56' title="bbox 1333 562 2294 606; baseline 0.005 -12"><span class='ocrx_word' id='word_1_347' title='bbox 1333 562 1560 601; x_wconf 75' lang='lat' dir='ltr'>serti;1saiae</span> <span class='ocrx_word' id='word_1_348' title='bbox 1583 562 1705 595; x_wconf 88' lang='lat' dir='ltr'>decimo</span> <span class='ocrx_word' id='word_1_349' title='bbox 1728 563 1866 595; x_wconf 81' lang='lat' dir='ltr'>sexto⁸:</span> <span class='ocrx_word' id='word_1_350' title='bbox 1897 577 1912 592; x_wconf 92' lang='lat'>«</span> <span class='ocrx_word' id='word_1_351' title='bbox 1929 564 2041 596; x_wconf 89' lang='lat' dir='ltr'>Emitte</span> <span class='ocrx_word' id='word_1_352' title='bbox 2064 565 2202 606; x_wconf 79' lang='lat' dir='ltr'>Agnum,</span> <span class='ocrx_word' id='word_1_353' title='bbox 2233 566 2294 599; x_wconf 90' lang='lat' dir='ltr'>Do-</span> 
     </span>
     <span class='ocr_line' id='line_1_57' title="bbox 1333 615 2295 659; baseline 0.004 -12"><span class='ocrx_word' id='word_1_354' title='bbox 1333 617 1435 654; x_wconf 87' lang='lat' dir='ltr'>mine,</span> <span class='ocrx_word' id='word_1_355' title='bbox 1459 615 1686 648; x_wconf 88' lang='lat' dir='ltr'>dominatorem</span> <span class='ocrx_word' id='word_1_356' title='bbox 1710 620 1830 655; x_wconf 91' lang='lat' dir='ltr'>terrae‚</span> <span class='ocrx_word' id='word_1_357' title='bbox 1848 616 1886 649; x_wconf 91' lang='lat' dir='ltr'>de</span> <span class='ocrx_word' id='word_1_358' title='bbox 1903 620 1992 659; x_wconf 89' lang='lat' dir='ltr'>petra</span> <span class='ocrx_word' id='word_1_359' title='bbox 2007 617 2122 650; x_wconf 85' lang='lat' dir='ltr'>deserti</span> <span class='ocrx_word' id='word_1_360' title='bbox 2147 618 2186 650; x_wconf 93' lang='lat' dir='ltr'>ad</span> <span class='ocrx_word' id='word_1_361' title='bbox 2207 628 2295 651; x_wconf 87' lang='lat' dir='ltr'>mon-</span> 
     </span>
     <span class='ocr_line' id='line_1_58' title="bbox 1334 668 2294 711; baseline 0.003 -10"><span class='ocrx_word' id='word_1_362' title='bbox 1334 672 1397 701; x_wconf 88' lang='lat' dir='ltr'>tem</span> <span class='ocrx_word' id='word_1_363' title='bbox 1422 668 1504 701; x_wconf 84' lang='lat' dir='ltr'>tiliae</span> <span class='ocrx_word' id='word_1_364' title='bbox 1528 669 1599 701; x_wconf 88' lang='lat' dir='ltr'>Sion</span> <span class='ocrx_word' id='word_1_365' title='bbox 1616 682 1646 700; x_wconf 68' lang='grc' dir='ltr'>υ.</span> <span class='ocrx_word' id='word_1_366' title='bbox 1671 669 1761 701; x_wconf 85' lang='lat' dir='ltr'>Circa</span> <span class='ocrx_word' id='word_1_367' title='bbox 1785 669 1861 702; x_wconf 87' lang='lat' dir='ltr'>baec</span> <span class='ocrx_word' id='word_1_368' title='bbox 1886 670 1952 702; x_wconf 88' lang='lat' dir='ltr'>loca</span> <span class='ocrx_word' id='word_1_369' title='bbox 1970 669 2120 702; x_wconf 85' lang='lat' dir='ltr'>ambulat</span> <span class='ocrx_word' id='word_1_370' title='bbox 2136 671 2294 711; x_wconf 88' lang='lat' dir='ltr'>diabolus,</span> 
     </span>
     <span class='ocr_line' id='line_1_59' title="bbox 1334 721 2294 765; baseline 0.002 -12"><span class='ocrx_word' id='word_1_371' title='bbox 1334 730 1498 765; x_wconf 68' lang='lat' dir='ltr'>quaerens</span> <span class='ocrx_word' id='word_1_372' title='bbox 1527 721 1692 764; x_wconf 81' lang='lat' dir='ltr'>requiem,</span> <span class='ocrx_word' id='word_1_373' title='bbox 1725 721 1755 753; x_wconf 90' lang='lat' dir='ltr'>id</span> <span class='ocrx_word' id='word_1_374' title='bbox 1776 724 1851 760; x_wconf 90' lang='lat' dir='ltr'>est,</span> <span class='ocrx_word' id='word_1_375' title='bbox 1876 722 1983 754; x_wconf 90' lang='lat' dir='ltr'>volens</span> <span class='ocrx_word' id='word_1_376' title='bbox 2006 722 2037 754; x_wconf 93' lang='lat' dir='ltr'>in</span> <span class='ocrx_word' id='word_1_377' title='bbox 2062 722 2123 755; x_wconf 91' lang='lat' dir='ltr'>illis</span> <span class='ocrx_word' id='word_1_378' title='bbox 2146 723 2294 756; x_wconf 86' lang='lat' dir='ltr'>umbram</span> 
     </span>
     <span class='ocr_line' id='line_1_60' title="bbox 1335 774 2293 816; baseline 0.003 -10"><span class='ocrx_word' id='word_1_379' title='bbox 1335 774 1540 816; x_wconf 81' lang='lat' dir='ltr'>negligentiae</span> <span class='ocrx_word' id='word_1_380' title='bbox 1570 777 1602 806; x_wconf 92' lang='lat' dir='ltr'>et</span> <span class='ocrx_word' id='word_1_381' title='bbox 1624 774 1741 807; x_wconf 83' lang='lat' dir='ltr'>fontem</span> <span class='ocrx_word' id='word_1_382' title='bbox 1766 775 1972 807; x_wconf 88' lang='lat' dir='ltr'>contumeliae</span> <span class='ocrx_word' id='word_1_383' title='bbox 1996 775 2168 815; x_wconf 84' lang='lat' dir='ltr'>fabricare,</span> <span class='ocrx_word' id='word_1_384' title='bbox 2189 779 2225 808; x_wconf 90' lang='lat' dir='ltr'>ut</span> <span class='ocrx_word' id='word_1_385' title='bbox 2252 776 2293 809; x_wconf 89' lang='lat' dir='ltr'>ibi</span> 
     </span>
     <span class='ocr_line' id='line_1_61' title="bbox 1334 827 2294 872; baseline 0.003 -13"><span class='ocrx_word' id='word_1_386' title='bbox 1334 827 1432 868; x_wconf 88' lang='lat' dir='ltr'>possit</span> <span class='ocrx_word' id='word_1_387' title='bbox 1455 827 1664 869; x_wconf 85' lang='lat' dir='ltr'>requiescere.</span> <span class='ocrx_word' id='word_1_388' title='bbox 1690 827 1721 859; x_wconf 89' lang='lat' dir='ltr'>In</span> <span class='ocrx_word' id='word_1_389' title='bbox 1748 827 1800 859; x_wconf 91' lang='lat' dir='ltr'>tali</span> <span class='ocrx_word' id='word_1_390' title='bbox 1824 831 1929 860; x_wconf 87' lang='lat' dir='ltr'>autem</span> <span class='ocrx_word' id='word_1_391' title='bbox 1954 828 2021 860; x_wconf 84' lang='lat' dir='ltr'>loco</span> <span class='ocrx_word' id='word_1_392' title='bbox 2038 829 2228 872; x_wconf 79' lang='lat' dir='ltr'>requiescit,</span> <span class='ocrx_word' id='word_1_393' title='bbox 2246 838 2294 862; x_wconf 88' lang='lat' dir='ltr'>se-</span> 
     </span>
     <span class='ocr_line' id='line_1_62' title="bbox 1334 880 2294 922; baseline 0.003 -10"><span class='ocrx_word' id='word_1_394' title='bbox 1334 880 1473 913; x_wconf 89' lang='lat' dir='ltr'>cundum</span> <span class='ocrx_word' id='word_1_395' title='bbox 1496 880 1574 913; x_wconf 90' lang='lat' dir='ltr'>illud</span> <span class='ocrx_word' id='word_1_396' title='bbox 1599 880 1650 913; x_wconf 93' lang='lat' dir='ltr'>lob</span> <span class='ocrx_word' id='word_1_397' title='bbox 1673 880 1913 922; x_wconf 85' lang='lat' dir='ltr'>quadragesimo</span> <span class='ocrx_word' id='word_1_398' title='bbox 1926 881 1957 913; x_wconf 83' lang='lat'>⁹:</span> <span class='ocrx_word' id='word_1_399' title='bbox 1980 894 1995 910; x_wconf 77' lang='grc' dir='ltr'>α</span> <span class='ocrx_word' id='word_1_400' title='bbox 2011 881 2076 914; x_wconf 92' lang='lat' dir='ltr'>Sub</span> <span class='ocrx_word' id='word_1_401' title='bbox 2093 882 2206 915; x_wconf 88' lang='lat' dir='ltr'>umbra</span> <span class='ocrx_word' id='word_1_402' title='bbox 2221 882 2294 915; x_wconf 89' lang='lat' dir='ltr'>dor-</span> 
     </span>
     <span class='ocr_line' id='line_1_63' title="bbox 1334 933 2294 974; baseline 0.002 -9"><span class='ocrx_word' id='word_1_403' title='bbox 1334 933 1391 965; x_wconf 90' lang='lat' dir='ltr'>mit</span> <span class='ocrx_word' id='word_1_404' title='bbox 1414 933 1445 965; x_wconf 93' lang='lat' dir='ltr'>in</span> <span class='ocrx_word' id='word_1_405' title='bbox 1470 936 1591 966; x_wconf 83' lang='lat' dir='ltr'>secreto</span> <span class='ocrx_word' id='word_1_406' title='bbox 1615 934 1723 966; x_wconf 87' lang='lat' dir='ltr'>calami</span> <span class='ocrx_word' id='word_1_407' title='bbox 1749 934 1780 966; x_wconf 89' lang='lat' dir='ltr'>in</span> <span class='ocrx_word' id='word_1_408' title='bbox 1806 934 1881 967; x_wconf 90' lang='lat' dir='ltr'>locis</span> <span class='ocrx_word' id='word_1_409' title='bbox 1897 934 2102 967; x_wconf 87' lang='lat' dir='ltr'>humentibus</span> <span class='ocrx_word' id='word_1_410' title='bbox 2117 946 2148 974; x_wconf 75' lang='grc' dir='ltr'>»ς</span> <span class='ocrx_word' id='word_1_411' title='bbox 2173 938 2204 968; x_wconf 91' lang='lat' dir='ltr'>et</span> <span class='ocrx_word' id='word_1_412' title='bbox 2222 935 2294 968; x_wconf 87' lang='lat' dir='ltr'>Eze-</span> 
     </span>
     <span class='ocr_line' id='line_1_64' title="bbox 1334 986 2294 1029; baseline 0.003 -11"><span class='ocrx_word' id='word_1_413' title='bbox 1334 986 1443 1019; x_wconf 88' lang='lat' dir='ltr'>chielis</span> <span class='ocrx_word' id='word_1_414' title='bbox 1460 986 1609 1029; x_wconf 89' lang='lat' dir='ltr'>vigesimo</span> <span class='ocrx_word' id='word_1_415' title='bbox 1632 995 1736 1019; x_wconf 89' lang='lat' dir='ltr'>nono:</span> <span class='ocrx_word' id='word_1_416' title='bbox 1766 1000 1780 1015; x_wconf 75' lang='lat' dir='ltr'>a</span> <span class='ocrx_word' id='word_1_417' title='bbox 1800 987 1893 1026; x_wconf 84' lang='lat' dir='ltr'>Ecce,</span> <span class='ocrx_word' id='word_1_418' title='bbox 1917 996 1975 1029; x_wconf 90' lang='lat' dir='ltr'>ego</span> <span class='ocrx_word' id='word_1_419' title='bbox 1997 987 2036 1020; x_wconf 90' lang='lat' dir='ltr'>ad</span> <span class='ocrx_word' id='word_1_420' title='bbox 2054 991 2102 1027; x_wconf 91' lang='lat' dir='ltr'>te,</span> <span class='ocrx_word' id='word_1_421' title='bbox 2118 988 2213 1021; x_wconf 88' lang='lat' dir='ltr'>draco</span> <span class='ocrx_word' id='word_1_422' title='bbox 2229 998 2294 1021; x_wconf 86' lang='lat' dir='ltr'>ma-</span> 
     </span>
     <span class='ocr_line' id='line_1_65' title="bbox 1333 1040 2293 1082; baseline 0.002 -10"><span class='ocrx_word' id='word_1_423' title='bbox 1333 1048 1410 1081; x_wconf 85' lang='lat' dir='ltr'>gne,</span> <span class='ocrx_word' id='word_1_424' title='bbox 1442 1040 1496 1082; x_wconf 82' lang='lat' dir='ltr'>qui</span> <span class='ocrx_word' id='word_1_425' title='bbox 1529 1040 1626 1072; x_wconf 88' lang='lat' dir='ltr'>cubas</span> <span class='ocrx_word' id='word_1_426' title='bbox 1657 1041 1688 1072; x_wconf 91' lang='lat' dir='ltr'>in</span> <span class='ocrx_word' id='word_1_427' title='bbox 1720 1040 1822 1073; x_wconf 89' lang='lat' dir='ltr'>medio</span> <span class='ocrx_word' id='word_1_428' title='bbox 1853 1040 2021 1073; x_wconf 88' lang='lat' dir='ltr'>fluminum</span> <span class='ocrx_word' id='word_1_429' title='bbox 2037 1054 2069 1073; x_wconf 70' lang='grc' dir='ltr'>ι».</span> <span class='ocrx_word' id='word_1_430' title='bbox 2098 1041 2163 1074; x_wconf 90' lang='lat' dir='ltr'>Nou</span> <span class='ocrx_word' id='word_1_431' title='bbox 2187 1045 2293 1074; x_wconf 88' lang='lat' dir='ltr'>autem</span> 
     </span>
     <span class='ocr_line' id='line_1_66' title="bbox 1332 1093 2294 1137; baseline 0.003 -12"><span class='ocrx_word' id='word_1_432' title='bbox 1332 1093 1465 1135; x_wconf 88' lang='lat' dir='ltr'>quiescit</span> <span class='ocrx_word' id='word_1_433' title='bbox 1498 1093 1642 1126; x_wconf 88' lang='lat' dir='ltr'>diabolus</span> <span class='ocrx_word' id='word_1_434' title='bbox 1673 1093 1731 1126; x_wconf 89' lang='lat' dir='ltr'>nisi</span> <span class='ocrx_word' id='word_1_435' title='bbox 1757 1094 1788 1126; x_wconf 91' lang='lat' dir='ltr'>in</span> <span class='ocrx_word' id='word_1_436' title='bbox 1812 1094 1875 1133; x_wconf 87' lang='lat' dir='ltr'>eis,</span> <span class='ocrx_word' id='word_1_437' title='bbox 1900 1095 1931 1126; x_wconf 91' lang='lat' dir='ltr'>in</span> <span class='ocrx_word' id='word_1_438' title='bbox 1955 1094 2072 1137; x_wconf 91' lang='lat' dir='ltr'>quibus</span> <span class='ocrx_word' id='word_1_439' title='bbox 2100 1094 2219 1128; x_wconf 90' lang='lat' dir='ltr'>invenit</span> <span class='ocrx_word' id='word_1_440' title='bbox 2240 1095 2294 1128; x_wconf 91' lang='lat' dir='ltr'>de-</span> 
     </span>
     <span class='ocr_line' id='line_1_67' title="bbox 1331 1146 2293 1189; baseline 0.002 -11"><span class='ocrx_word' id='word_1_441' title='bbox 1331 1146 1444 1178; x_wconf 85' lang='lat' dir='ltr'>fluxus</span> <span class='ocrx_word' id='word_1_442' title='bbox 1467 1146 1813 1188; x_wconf 88' lang='lat' dir='ltr'>concupiscentiarum,</span> <span class='ocrx_word' id='word_1_443' title='bbox 1837 1156 1918 1188; x_wconf 89' lang='lat' dir='ltr'>quos</span> <span class='ocrx_word' id='word_1_444' title='bbox 1942 1147 2017 1189; x_wconf 91' lang='lat' dir='ltr'>quia</span> <span class='ocrx_word' id='word_1_445' title='bbox 2040 1156 2102 1180; x_wconf 91' lang='lat' dir='ltr'>non</span> <span class='ocrx_word' id='word_1_446' title='bbox 2126 1151 2228 1189; x_wconf 87' lang='lat' dir='ltr'>potest</span> <span class='ocrx_word' id='word_1_447' title='bbox 2243 1156 2293 1180; x_wconf 88' lang='lat' dir='ltr'>re-</span> 
     </span>
     <span class='ocr_line' id='line_1_68' title="bbox 1332 1199 2293 1241; baseline 0.001 -9"><span class='ocrx_word' id='word_1_448' title='bbox 1332 1199 1437 1241; x_wconf 89' lang='lat' dir='ltr'>perire</span> <span class='ocrx_word' id='word_1_449' title='bbox 1461 1199 1492 1232; x_wconf 94' lang='lat' dir='ltr'>in</span> <span class='ocrx_word' id='word_1_450' title='bbox 1518 1200 1634 1232; x_wconf 86' lang='lat' dir='ltr'>sanctis</span> <span class='ocrx_word' id='word_1_451' title='bbox 1662 1200 1739 1233; x_wconf 86' lang='lat' dir='ltr'>viris</span> <span class='ocrx_word' id='word_1_452' title='bbox 1762 1200 1886 1233; x_wconf 88' lang='lat' dir='ltr'>afflictis</span> <span class='ocrx_word' id='word_1_453' title='bbox 1908 1204 1940 1233; x_wconf 89' lang='lat' dir='ltr'>et</span> <span class='ocrx_word' id='word_1_454' title='bbox 1962 1200 2146 1239; x_wconf 89' lang='lat' dir='ltr'>maceratis,</span> <span class='ocrx_word' id='word_1_455' title='bbox 2170 1200 2239 1233; x_wconf 89' lang='lat' dir='ltr'>ideo</span> <span class='ocrx_word' id='word_1_456' title='bbox 2261 1200 2293 1233; x_wconf 92' lang='lat' dir='ltr'>in</span> 
     </span>
     <span class='ocr_line' id='line_1_69' title="bbox 1330 1253 2294 1297; baseline 0.002 -12"><span class='ocrx_word' id='word_1_457' title='bbox 1330 1253 1376 1285; x_wconf 89' lang='lat' dir='ltr'>eis</span> <span class='ocrx_word' id='word_1_458' title='bbox 1399 1262 1461 1285; x_wconf 88' lang='lat' dir='ltr'>non</span> <span class='ocrx_word' id='word_1_459' title='bbox 1486 1253 1672 1295; x_wconf 89' lang='lat' dir='ltr'>requiescit,</span> <span class='ocrx_word' id='word_1_460' title='bbox 1694 1253 1748 1286; x_wconf 88' lang='lat' dir='ltr'>sed</span> <span class='ocrx_word' id='word_1_461' title='bbox 1765 1253 1861 1296; x_wconf 80' lang='lat' dir='ltr'>sugit,</span> <span class='ocrx_word' id='word_1_462' title='bbox 1880 1253 1970 1286; x_wconf 88' lang='lat' dir='ltr'>iuxta</span> <span class='ocrx_word' id='word_1_463' title='bbox 1986 1253 2063 1286; x_wconf 91' lang='lat' dir='ltr'>illud</span> <span class='ocrx_word' id='word_1_464' title='bbox 2081 1254 2180 1287; x_wconf 84' lang='lat' dir='ltr'>lacobi</span> <span class='ocrx_word' id='word_1_465' title='bbox 2197 1263 2294 1297; x_wconf 90' lang='lat' dir='ltr'>quar-</span> 
     </span>
     <span class='ocr_line' id='line_1_70' title="bbox 1331 1306 2168 1349; baseline 0.002 -11"><span class='ocrx_word' id='word_1_466' title='bbox 1331 1310 1363 1338; x_wconf 91' lang='lat' dir='ltr'>to</span> <span class='ocrx_word' id='word_1_467' title='bbox 1377 1306 1423 1338; x_wconf 84' lang='lat'>¹0:</span> <span class='ocrx_word' id='word_1_468' title='bbox 1445 1319 1461 1334; x_wconf 76' lang='grc' dir='ltr'><em>α</em></span> <span class='ocrx_word' id='word_1_469' title='bbox 1486 1306 1629 1339; x_wconf 85' lang='lat' dir='ltr'>Resistite</span> <span class='ocrx_word' id='word_1_470' title='bbox 1651 1306 1792 1345; x_wconf 87' lang='lat' dir='ltr'>diabolo,</span> <span class='ocrx_word' id='word_1_471' title='bbox 1817 1310 1849 1340; x_wconf 90' lang='lat' dir='ltr'>et</span> <span class='ocrx_word' id='word_1_472' title='bbox 1871 1307 1970 1349; x_wconf 85' lang='lat' dir='ltr'>fugiet</span> <span class='ocrx_word' id='word_1_473' title='bbox 1991 1316 2010 1339; x_wconf 92' lang='lat' dir='ltr'>a</span> <span class='ocrx_word' id='word_1_474' title='bbox 2033 1307 2122 1340; x_wconf 89' lang='lat' dir='ltr'>vobis</span> <span class='ocrx_word' id='word_1_475' title='bbox 2138 1321 2168 1339; x_wconf 75' lang='lat' dir='ltr'>n.</span> 
     </span>
    </p>

    <p class='ocr_par' dir='ltr' id='par_1_20' title="bbox 1329 1359 2294 2085">
     <span class='ocr_line' id='line_1_71' title="bbox 1414 1359 2293 1404; baseline 0.002 -12"><span class='ocrx_word' id='word_1_476' title='bbox 1414 1359 1472 1393; x_wconf 76' lang='lat'>53.</span> <span class='ocrx_word' id='word_1_477' title='bbox 1498 1360 1640 1393; x_wconf 91' lang='lat' dir='ltr'>Secundo</span> <span class='ocrx_word' id='word_1_478' title='bbox 1656 1369 1732 1393; x_wconf 90' lang='lat' dir='ltr'>vero</span> <span class='ocrx_word' id='word_1_479' title='bbox 1748 1364 1902 1402; x_wconf 88' lang='lat' dir='ltr'>quantum</span> <span class='ocrx_word' id='word_1_480' title='bbox 1919 1361 1958 1393; x_wconf 87' lang='lat' dir='ltr'>ad</span> <span class='ocrx_word' id='word_1_481' title='bbox 1974 1371 2164 1404; x_wconf 66' lang='lat' dir='ltr'>regressum</span> <span class='ocrx_word' id='word_1_482' title='bbox 2176 1370 2233 1404; x_wconf 88' lang='lat' dir='ltr'>per</span> <span class='ocrx_word' id='word_1_483' title='bbox 2248 1361 2293 1394; x_wconf 78' lang='lat' dir='ltr'>si—</span> 
     </span>
     <span class='ocr_line' id='line_1_72' title="bbox 1330 1413 2294 1454; baseline 0.003 -9"><span class='ocrx_word' id='word_1_484' title='bbox 1330 1413 1545 1446; x_wconf 80' lang='lat' dir='ltr'>mulationem</span> <span class='ocrx_word' id='word_1_485' title='bbox 1562 1414 1711 1446; x_wconf 77' lang='lat' dir='ltr'>iustitiae</span> <span class='ocrx_word' id='word_1_486' title='bbox 1728 1414 1852 1446; x_wconf 88' lang='lat' dir='ltr'>subdit:</span> <span class='ocrx_word' id='word_1_487' title='bbox 1871 1415 1910 1446; x_wconf 83' lang='lat' dir='ltr'>Et</span> <span class='ocrx_word' id='word_1_488' title='bbox 1925 1424 1992 1446; x_wconf 82' lang='lat' dir='ltr'>non</span> <span class='ocrx_word' id='word_1_489' title='bbox 2009 1415 2194 1454; x_wconf 75' lang='lat' dir='ltr'>inveniens,</span> <span class='ocrx_word' id='word_1_490' title='bbox 2212 1415 2294 1448; x_wconf 85' lang='lat' dir='ltr'>scili—</span> 
     </span>
     <span class='ocr_line' id='line_1_73' title="bbox 1330 1466 2293 1508; baseline 0.003 -10"><span class='ocrx_word' id='word_1_491' title='bbox 1330 1470 1379 1499; x_wconf 92' lang='lat' dir='ltr'>cet</span> <span class='ocrx_word' id='word_1_492' title='bbox 1403 1466 1544 1508; x_wconf 86' lang='lat' dir='ltr'>requiem</span> <span class='ocrx_word' id='word_1_493' title='bbox 1559 1492 1566 1505; x_wconf 92' lang='lat'>,</span> <span class='ocrx_word' id='word_1_494' title='bbox 1589 1466 1689 1499; x_wconf 83' lang='lat' dir='ltr'>dicit.-</span> <span class='ocrx_word' id='word_1_495' title='bbox 1710 1468 1871 1500; x_wconf 78' lang='lat' dir='ltr'>Revertar</span> <span class='ocrx_word' id='word_1_496' title='bbox 1896 1468 1930 1500; x_wconf 85' lang='lat' dir='ltr'>in</span> <span class='ocrx_word' id='word_1_497' title='bbox 1954 1467 2089 1500; x_wconf 70' lang='lat' dir='ltr'>(tomum</span> <span class='ocrx_word' id='word_1_498' title='bbox 2109 1477 2237 1507; x_wconf 86' lang='lat' dir='ltr'>meam,</span> <span class='ocrx_word' id='word_1_499' title='bbox 2254 1469 2293 1502; x_wconf 80' lang='lat' dir='ltr'>de</span> 
     </span>
     <span class='ocr_line' id='line_1_74' title="bbox 1329 1520 2294 1564; baseline 0.004 -12"><span class='ocrx_word' id='word_1_500' title='bbox 1329 1529 1398 1563; x_wconf 83' lang='lat' dir='ltr'>qua</span> <span class='ocrx_word' id='word_1_501' title='bbox 1412 1521 1436 1539; x_wconf 83' lang='lat'>¹1</span> <span class='ocrx_word' id='word_1_502' title='bbox 1453 1520 1550 1553; x_wconf 75' lang='lat' dir='ltr'>exivi.</span> <span class='ocrx_word' id='word_1_503' title='bbox 1569 1521 1676 1553; x_wconf 87' lang='lat' dir='ltr'>Suam</span> <span class='ocrx_word' id='word_1_504' title='bbox 1694 1524 1783 1554; x_wconf 89' lang='lat' dir='ltr'>vocat</span> <span class='ocrx_word' id='word_1_505' title='bbox 1796 1521 1942 1560; x_wconf 89' lang='lat' dir='ltr'>domum,</span> <span class='ocrx_word' id='word_1_506' title='bbox 1960 1522 2035 1564; x_wconf 90' lang='lat' dir='ltr'>quia</span> <span class='ocrx_word' id='word_1_507' title='bbox 2045 1521 2185 1555; x_wconf 90' lang='lat' dir='ltr'>nondum</span> <span class='ocrx_word' id='word_1_508' title='bbox 2202 1523 2294 1564; x_wconf 86' lang='lat' dir='ltr'>plene</span> 
     </span>
     <span class='ocr_line' id='line_1_75' title="bbox 1329 1573 2292 1615; baseline 0.004 -10"><span class='ocrx_word' id='word_1_509' title='bbox 1329 1574 1369 1606; x_wconf 91' lang='lat' dir='ltr'>ab</span> <span class='ocrx_word' id='word_1_510' title='bbox 1385 1582 1421 1606; x_wconf 89' lang='lat' dir='ltr'>ea</span> <span class='ocrx_word' id='word_1_511' title='bbox 1437 1573 1593 1615; x_wconf 86' lang='lat' dir='ltr'>expulsus</span> <span class='ocrx_word' id='word_1_512' title='bbox 1609 1574 1729 1613; x_wconf 88' lang='lat' dir='ltr'>fuerat;</span> <span class='ocrx_word' id='word_1_513' title='bbox 1754 1578 1785 1607; x_wconf 89' lang='lat' dir='ltr'>et</span> <span class='ocrx_word' id='word_1_514' title='bbox 1809 1574 1848 1607; x_wconf 90' lang='lat' dir='ltr'>ad</span> <span class='ocrx_word' id='word_1_515' title='bbox 1871 1574 1963 1607; x_wconf 90' lang='lat' dir='ltr'>talem</span> <span class='ocrx_word' id='word_1_516' title='bbox 1985 1575 2129 1608; x_wconf 89' lang='lat' dir='ltr'>diabolus</span> <span class='ocrx_word' id='word_1_517' title='bbox 2145 1575 2243 1615; x_wconf 89' lang='lat' dir='ltr'>redit;</span> <span class='ocrx_word' id='word_1_518' title='bbox 2260 1576 2292 1609; x_wconf 91' lang='lat' dir='ltr'>in</span> 
     </span>
     <span class='ocr_line' id='line_1_76' title="bbox 1330 1626 2292 1669; baseline 0.003 -10"><span class='ocrx_word' id='word_1_519' title='bbox 1330 1627 1422 1659; x_wconf 88' lang='lat' dir='ltr'>cuius</span> <span class='ocrx_word' id='word_1_520' title='bbox 1449 1626 1552 1668; x_wconf 85' lang='lat' dir='ltr'>figura</span> <span class='ocrx_word' id='word_1_521' title='bbox 1580 1627 1675 1660; x_wconf 83' lang='lat' dir='ltr'>Isaiae</span> <span class='ocrx_word' id='word_1_522' title='bbox 1702 1627 1863 1669; x_wconf 88' lang='lat' dir='ltr'>trigesimo</span> <span class='ocrx_word' id='word_1_523' title='bbox 1890 1628 2039 1669; x_wconf 88' lang='lat' dir='ltr'>septimo:</span> <span class='ocrx_word' id='word_1_524' title='bbox 2070 1641 2086 1657; x_wconf 70' lang='grc' dir='ltr'><em>α</em></span> <span class='ocrx_word' id='word_1_525' title='bbox 2109 1629 2166 1662; x_wconf 88' lang='lat' dir='ltr'>Per</span> <span class='ocrx_word' id='word_1_526' title='bbox 2191 1629 2292 1668; x_wconf 83' lang='lat' dir='ltr'>viam,</span> 
     </span>
     <span class='ocr_line' id='line_1_77' title="bbox 1330 1680 2291 1724; baseline 0.003 -12"><span class='ocrx_word' id='word_1_527' title='bbox 1330 1690 1394 1723; x_wconf 89' lang='lat' dir='ltr'>qua</span> <span class='ocrx_word' id='word_1_528' title='bbox 1417 1680 1502 1713; x_wconf 89' lang='lat' dir='ltr'>venit</span> <span class='ocrx_word' id='word_1_529' title='bbox 1529 1680 1743 1713; x_wconf 88' lang='lat' dir='ltr'>Sennacherib</span> <span class='ocrx_word' id='word_1_530' title='bbox 1759 1694 1790 1719; x_wconf 83' lang='lat'>»,</span> <span class='ocrx_word' id='word_1_531' title='bbox 1815 1681 1844 1713; x_wconf 89' lang='lat' dir='ltr'>id</span> <span class='ocrx_word' id='word_1_532' title='bbox 1869 1685 1917 1714; x_wconf 89' lang='lat' dir='ltr'>est</span> <span class='ocrx_word' id='word_1_533' title='bbox 1940 1685 2081 1721; x_wconf 85' lang='lat' dir='ltr'>satanas,</span> <span class='ocrx_word' id='word_1_534' title='bbox 2103 1695 2119 1710; x_wconf 75' lang='grc' dir='ltr'><em>α</em></span> <span class='ocrx_word' id='word_1_535' title='bbox 2143 1691 2200 1724; x_wconf 89' lang='lat' dir='ltr'>per</span> <span class='ocrx_word' id='word_1_536' title='bbox 2223 1691 2291 1715; x_wconf 90' lang='lat' dir='ltr'>eam</span> 
     </span>
     <span class='ocr_line' id='line_1_78' title="bbox 1330 1734 2294 1775; baseline 0.002 -10"><span class='ocrx_word' id='word_1_537' title='bbox 1330 1736 1510 1766; x_wconf 88' lang='lat' dir='ltr'>revertetur</span> <span class='ocrx_word' id='word_1_538' title='bbox 1525 1747 1556 1765; x_wconf 85' lang='lat'>».</span> <span class='ocrx_word' id='word_1_539' title='bbox 1588 1734 1678 1766; x_wconf 83' lang='lat' dir='ltr'>Recte</span> <span class='ocrx_word' id='word_1_540' title='bbox 1701 1737 1807 1766; x_wconf 90' lang='lat' dir='ltr'>autem</span> <span class='ocrx_word' id='word_1_541' title='bbox 1825 1736 2021 1775; x_wconf 86' lang='lat' dir='ltr'>peccatorem</span> <span class='ocrx_word' id='word_1_542' title='bbox 2037 1734 2174 1767; x_wconf 83' lang='lat' dir='ltr'>domum</span> <span class='ocrx_word' id='word_1_543' title='bbox 2193 1744 2294 1767; x_wconf 75' lang='lat' dir='ltr'>suam</span> 
     </span>
     <span class='ocr_line' id='line_1_79' title="bbox 1330 1785 2293 1828; baseline 0.002 -10"><span class='ocrx_word' id='word_1_544' title='bbox 1330 1789 1437 1825; x_wconf 89' lang='lat' dir='ltr'>vocat,</span> <span class='ocrx_word' id='word_1_545' title='bbox 1454 1786 1529 1828; x_wconf 85' lang='lat' dir='ltr'>quia.</span> <span class='ocrx_word' id='word_1_546' title='bbox 1546 1789 1708 1828; x_wconf 89' lang='lat' dir='ltr'>peccator,</span> <span class='ocrx_word' id='word_1_547' title='bbox 1731 1799 1747 1814; x_wconf 83' lang='lat'>«</span> <span class='ocrx_word' id='word_1_548' title='bbox 1763 1785 1817 1828; x_wconf 91' lang='lat' dir='ltr'>qui</span> <span class='ocrx_word' id='word_1_549' title='bbox 1834 1785 1907 1819; x_wconf 85' lang='lat' dir='ltr'>fecit</span> <span class='ocrx_word' id='word_1_550' title='bbox 1922 1789 2101 1828; x_wconf 86' lang='lat' dir='ltr'>peccatum,</span> <span class='ocrx_word' id='word_1_551' title='bbox 2118 1795 2231 1820; x_wconf 91' lang='lat' dir='ltr'>servus</span> <span class='ocrx_word' id='word_1_552' title='bbox 2246 1791 2293 1820; x_wconf 90' lang='lat' dir='ltr'>est</span> 
     </span>
     <span class='ocr_line' id='line_1_80' title="bbox 1329 1839 2292 1882; baseline 0.001 -10"><span class='ocrx_word' id='word_1_553' title='bbox 1329 1839 1447 1881; x_wconf 87' lang='lat' dir='ltr'>peccati</span> <span class='ocrx_word' id='word_1_554' title='bbox 1461 1853 1493 1879; x_wconf 67' lang='grc' dir='ltr'>ι»,</span> <span class='ocrx_word' id='word_1_555' title='bbox 1507 1839 1588 1872; x_wconf 88' lang='lat' dir='ltr'>sicut</span> <span class='ocrx_word' id='word_1_556' title='bbox 1600 1839 1716 1872; x_wconf 87' lang='lat' dir='ltr'>dicitur</span> <span class='ocrx_word' id='word_1_557' title='bbox 1730 1839 1850 1872; x_wconf 91' lang='lat' dir='ltr'>loannis</span> <span class='ocrx_word' id='word_1_558' title='bbox 1863 1843 1973 1874; x_wconf 88' lang='lat' dir='ltr'>octavo</span> <span class='ocrx_word' id='word_1_559' title='bbox 1987 1840 2027 1878; x_wconf 77' lang='lat'>¹2;</span> <span class='ocrx_word' id='word_1_560' title='bbox 2041 1848 2077 1872; x_wconf 86' lang='lat' dir='ltr'>ac</span> <span class='ocrx_word' id='word_1_561' title='bbox 2089 1849 2146 1882; x_wconf 88' lang='lat' dir='ltr'>per</span> <span class='ocrx_word' id='word_1_562' title='bbox 2159 1840 2218 1873; x_wconf 88' lang='lat' dir='ltr'>hoc</span> <span class='ocrx_word' id='word_1_563' title='bbox 2230 1849 2292 1873; x_wconf 93' lang='lat' dir='ltr'>non</span> 
     </span>
     <span class='ocr_line' id='line_1_81' title="bbox 1959 1891 2292 1925; baseline 0 -1"><span class='ocrx_word' id='word_1_564' title='bbox 1959 1891 2029 1925; x_wconf 89' lang='lat' dir='ltr'>Ideo</span> <span class='ocrx_word' id='word_1_565' title='bbox 2050 1892 2292 1925; x_wconf 90' lang='lat' dir='ltr'>Proverbiorum</span> 
     </span>
     <span class='ocr_line' id='line_1_82' title="bbox 1329 1944 2293 1987; baseline 0.001 -9"><span class='ocrx_word' id='word_1_566' title='bbox 1329 1945 1458 1987; x_wconf 90' lang='lat' dir='ltr'>quinto:</span> <span class='ocrx_word' id='word_1_567' title='bbox 1480 1958 1495 1974; x_wconf 73' lang='grc' dir='ltr'>ιι</span> <span class='ocrx_word' id='word_1_568' title='bbox 1512 1945 1555 1977; x_wconf 89' lang='lat' dir='ltr'>Ne</span> <span class='ocrx_word' id='word_1_569' title='bbox 1571 1944 1626 1978; x_wconf 91' lang='lat' dir='ltr'>des</span> <span class='ocrx_word' id='word_1_570' title='bbox 1642 1945 1752 1978; x_wconf 88' lang='lat' dir='ltr'>alienis</span> <span class='ocrx_word' id='word_1_571' title='bbox 1768 1945 1919 1978; x_wconf 90' lang='lat' dir='ltr'>honorem</span> <span class='ocrx_word' id='word_1_572' title='bbox 1937 1948 2028 1978; x_wconf 89' lang='lat' dir='ltr'>tuum</span> <span class='ocrx_word' id='word_1_573' title='bbox 2052 1949 2083 1978; x_wconf 93' lang='lat' dir='ltr'>et</span> <span class='ocrx_word' id='word_1_574' title='bbox 2106 1954 2205 1979; x_wconf 89' lang='lat' dir='ltr'>annos</span> <span class='ocrx_word' id='word_1_575' title='bbox 2222 1949 2293 1979; x_wconf 90' lang='lat' dir='ltr'>tuos</span> 
     </span>
     <span class='ocr_line' id='line_1_83' title="bbox 1329 1998 2291 2040; baseline 0.002 -10"><span class='ocrx_word' id='word_1_576' title='bbox 1329 1998 1468 2037; x_wconf 87' lang='lat' dir='ltr'>crudeli,</span> <span class='ocrx_word' id='word_1_577' title='bbox 1492 2007 1531 2031; x_wconf 94' lang='lat' dir='ltr'>ne</span> <span class='ocrx_word' id='word_1_578' title='bbox 1555 1998 1637 2031; x_wconf 83' lang='lat' dir='ltr'>forte</span> <span class='ocrx_word' id='word_1_579' title='bbox 1659 1998 1850 2040; x_wconf 86' lang='lat' dir='ltr'>impleantur</span> <span class='ocrx_word' id='word_1_580' title='bbox 1881 1998 2025 2032; x_wconf 89' lang='lat' dir='ltr'>extranei</span> <span class='ocrx_word' id='word_1_581' title='bbox 2057 1999 2179 2032; x_wconf 85' lang='lat' dir='ltr'>viribus</span> <span class='ocrx_word' id='word_1_582' title='bbox 2212 1999 2291 2039; x_wconf 89' lang='lat' dir='ltr'>tuis,</span> 
     </span>
     <span class='ocr_line' id='line_1_84' title="bbox 1329 2043 2009 2085; baseline 0 -1"><span class='ocrx_word' id='word_1_583' title='bbox 1329 2055 1360 2085; x_wconf 91' lang='lat' dir='ltr'>et</span> <span class='ocrx_word' id='word_1_584' title='bbox 1383 2052 1507 2085; x_wconf 91' lang='lat' dir='ltr'>labores</span> <span class='ocrx_word' id='word_1_585' title='bbox 1531 2052 1577 2085; x_wconf 93' lang='lat' dir='ltr'>tui</span> <span class='ocrx_word' id='word_1_586' title='bbox 1603 2043 1666 2085; x_wconf 86' lang='lat' dir='ltr'>sint</span> <span class='ocrx_word' id='word_1_587' title='bbox 1689 2052 1720 2084; x_wconf 95' lang='lat' dir='ltr'>in</span> <span class='ocrx_word' id='word_1_588' title='bbox 1744 2052 1838 2085; x_wconf 86' lang='lat' dir='ltr'>domo</span> <span class='ocrx_word' id='word_1_589' title='bbox 1861 2052 1963 2085; x_wconf 87' lang='lat' dir='ltr'>aliena</span> <span class='ocrx_word' id='word_1_590' title='bbox 1979 2066 2009 2085; x_wconf 70' lang='lat' dir='ltr'>n.</span> 
     </span>
    </p>
   </div>
   <div class='ocr_carea' id='block_1_18' title="bbox 2316 1366 2435 1474">
    <p class='ocr_par' dir='ltr' id='par_1_21' title="bbox 2316 1366 2435 1474">
     <span class='ocr_line' id='line_1_85' title="bbox 2325 1366 2428 1393; baseline 0 -5"><span class='ocrx_word' id='word_1_591' title='bbox 2325 1366 2428 1393; x_wconf 81' lang='lat' dir='ltr'>Secundo,</span> 
     </span>
     <span class='ocr_line' id='line_1_86' title="bbox 2343 1393 2412 1420; baseline 0 -6"><span class='ocrx_word' id='word_1_592' title='bbox 2343 1393 2412 1420; x_wconf 80' lang='lat' dir='ltr'>quoad</span> 
     </span>
     <span class='ocr_line' id='line_1_87' title="bbox 2316 1425 2435 1447; baseline 0 -6"><span class='ocrx_word' id='word_1_593' title='bbox 2316 1425 2435 1447; x_wconf 71' lang='lat' dir='ltr'>regressum</span> 
     </span>
     <span class='ocr_line' id='line_1_88' title="bbox 2339 1447 2414 1474; baseline 0 -6"><span class='ocrx_word' id='word_1_594' title='bbox 2339 1447 2414 1474; x_wconf 71' lang='lat' dir='ltr'>ipsiu.</span> 
     </span>
    </p>
   </div>
   <div class='ocr_carea' id='block_1_19' title="bbox 1420 2105 2476 2148">
    <p class='ocr_par' dir='ltr' id='par_1_22' title="bbox 1420 2105 2476 2148">
     <span class='ocr_line' id='line_1_89' title="bbox 1420 2105 2476 2148; baseline 0.002 -10"><span class='ocrx_word' id='word_1_595' title='bbox 1420 2106 1471 2139; x_wconf 73' lang='lat'>54</span> <span class='ocrx_word' id='word_1_596' title='bbox 1497 2106 1598 2148; x_wconf 82' lang='lat' dir='ltr'>(vers.</span> <span class='ocrx_word' id='word_1_597' title='bbox 1624 2107 1701 2147; x_wconf 80' lang='lat'>25..)</span> <span class='ocrx_word' id='word_1_598' title='bbox 1725 2105 1767 2138; x_wconf 86' lang='lat' dir='ltr'>Ad</span> <span class='ocrx_word' id='word_1_599' title='bbox 1792 2106 1874 2139; x_wconf 86' lang='lat' dir='ltr'>banc</span> <span class='ocrx_word' id='word_1_600' title='bbox 1897 2110 2003 2139; x_wconf 88' lang='lat' dir='ltr'>autem</span> <span class='ocrx_word' id='word_1_601' title='bbox 2023 2106 2151 2140; x_wconf 90' lang='lat' dir='ltr'>domum</span> <span class='ocrx_word' id='word_1_602' title='bbox 2170 2106 2293 2140; x_wconf 87' lang='lat' dir='ltr'>reducit</span> <span class='ocrx_word' id='word_1_603' title='bbox 2311 2110 2422 2134; x_wconf 69' lang='lat' dir='ltr'>Simuhtio</span> <span class='ocrx_word' id='word_1_604' title='bbox 2475 2125 2476 2144; x_wconf 61' lang='lat'><em>2</em></span> 
     </span>
    </p>
   </div>
   <div class='ocr_carea' id='block_1_20' title="bbox 1326 2159 2292 2417">
    <p class='ocr_par' dir='ltr' id='par_1_23' title="bbox 1326 2159 2292 2417">
     <span class='ocr_line' id='line_1_90' title="bbox 1328 2159 2290 2201; baseline 0.001 -9"><span class='ocrx_word' id='word_1_605' title='bbox 1328 2159 1489 2192; x_wconf 89' lang='lat' dir='ltr'>diabolum</span> <span class='ocrx_word' id='word_1_606' title='bbox 1520 2160 1690 2201; x_wconf 87' lang='lat' dir='ltr'>expulsum</span> <span class='ocrx_word' id='word_1_607' title='bbox 1723 2160 1880 2193; x_wconf 90' lang='lat' dir='ltr'>simulatio</span> <span class='ocrx_word' id='word_1_608' title='bbox 1908 2160 2056 2193; x_wconf 84' lang='lat' dir='ltr'>bonitatis</span> <span class='ocrx_word' id='word_1_609' title='bbox 2078 2164 2110 2193; x_wconf 92' lang='lat' dir='ltr'>et</span> <span class='ocrx_word' id='word_1_610' title='bbox 2133 2160 2290 2200; x_wconf 86' lang='lat' dir='ltr'>iustitiae;</span> 
     </span>
     <span class='ocr_line' id='line_1_91' title="bbox 1329 2213 2292 2255; baseline 0.002 -9"><span class='ocrx_word' id='word_1_611' title='bbox 1329 2216 1360 2246; x_wconf 90' lang='lat' dir='ltr'>et</span> <span class='ocrx_word' id='word_1_612' title='bbox 1383 2217 1550 2255; x_wconf 87' lang='lat' dir='ltr'>propterea</span> <span class='ocrx_word' id='word_1_613' title='bbox 1566 2213 1667 2246; x_wconf 87' lang='lat' dir='ltr'>addit:</span> <span class='ocrx_word' id='word_1_614' title='bbox 1687 2215 1727 2247; x_wconf 86' lang='lat' dir='ltr'>Et</span> <span class='ocrx_word' id='word_1_615' title='bbox 1742 2223 1819 2247; x_wconf 86' lang='lat' dir='ltr'>eum</span> <span class='ocrx_word' id='word_1_616' title='bbox 1834 2215 1976 2253; x_wconf 84' lang='lat' dir='ltr'>venerit,</span> <span class='ocrx_word' id='word_1_617' title='bbox 1994 2215 2118 2248; x_wconf 75' lang='lat' dir='ltr'>invenit</span> <span class='ocrx_word' id='word_1_618' title='bbox 2132 2224 2206 2248; x_wconf 85' lang='lat' dir='ltr'>eam</span> <span class='ocrx_word' id='word_1_619' title='bbox 2221 2224 2292 2248; x_wconf 77' lang='lat' dir='ltr'>sco-</span> 
     </span>
     <span class='ocr_line' id='line_1_92' title="bbox 1326 2266 2292 2308; baseline 0.003 -10"><span class='ocrx_word' id='word_1_620' title='bbox 1326 2266 1381 2308; x_wconf 77' lang='lat' dir='ltr'>pis</span> <span class='ocrx_word' id='word_1_621' title='bbox 1402 2267 1604 2299; x_wconf 72' lang='lat' dir='ltr'>mundatam</span> <span class='ocrx_word' id='word_1_622' title='bbox 1628 2271 1658 2300; x_wconf 84' lang='lat' dir='ltr'>et</span> <span class='ocrx_word' id='word_1_623' title='bbox 1684 2271 1862 2306; x_wconf 85' lang='lat' dir='ltr'>ornatam,</span> <span class='ocrx_word' id='word_1_624' title='bbox 1887 2277 1949 2300; x_wconf 89' lang='lat' dir='ltr'>non</span> <span class='ocrx_word' id='word_1_625' title='bbox 1973 2267 2086 2307; x_wconf 81' lang='lat' dir='ltr'>intra,</span> <span class='ocrx_word' id='word_1_626' title='bbox 2112 2268 2194 2301; x_wconf 90' lang='lat' dir='ltr'>sicut</span> <span class='ocrx_word' id='word_1_627' title='bbox 2216 2268 2292 2301; x_wconf 86' lang='lat' dir='ltr'>dicit</span> 
     </span>
     <span class='ocr_line' id='line_1_93' title="bbox 1329 2320 2287 2364; baseline 0.002 -12"><span class='ocrx_word' id='word_1_628' title='bbox 1329 2320 1485 2362; x_wconf 88' lang='lat' dir='ltr'>Propheta</span> <span class='ocrx_word' id='word_1_629' title='bbox 1508 2320 1539 2352; x_wconf 90' lang='lat' dir='ltr'>in</span> <span class='ocrx_word' id='word_1_630' title='bbox 1564 2320 1685 2353; x_wconf 90' lang='lat' dir='ltr'>Psalmo</span> <span class='ocrx_word' id='word_1_631' title='bbox 1699 2321 1746 2353; x_wconf 80' lang='lat'>¹³:</span> <span class='ocrx_word' id='word_1_632' title='bbox 1776 2334 1791 2349; x_wconf 74' lang='grc' dir='ltr'>ει</span> <span class='ocrx_word' id='word_1_633' title='bbox 1809 2321 2028 2354; x_wconf 85' lang='lat' dir='ltr'>Exercitabam</span> <span class='ocrx_word' id='word_1_634' title='bbox 2058 2325 2091 2354; x_wconf 87' lang='lat' dir='ltr'>et</span> <span class='ocrx_word' id='word_1_635' title='bbox 2122 2322 2287 2364; x_wconf 85' lang='lat' dir='ltr'>scopebam</span> 
     </span>
     <span class='ocr_line' id='line_1_94' title="bbox 1328 2373 2289 2417; baseline 0.002 -11"><span class='ocrx_word' id='word_1_636' title='bbox 1328 2373 1474 2416; x_wconf 89' lang='lat' dir='ltr'>spiritum</span> <span class='ocrx_word' id='word_1_637' title='bbox 1507 2383 1613 2407; x_wconf 89' lang='lat' dir='ltr'>meum</span> <span class='ocrx_word' id='word_1_638' title='bbox 1631 2386 1661 2413; x_wconf 74' lang='lat' dir='ltr'>n;</span> <span class='ocrx_word' id='word_1_639' title='bbox 1694 2377 1724 2407; x_wconf 89' lang='lat' dir='ltr'>et</span> <span class='ocrx_word' id='word_1_640' title='bbox 1749 2383 1884 2407; x_wconf 88' lang='lat' dir='ltr'>rursus:</span> <span class='ocrx_word' id='word_1_641' title='bbox 1914 2387 1929 2403; x_wconf 87' lang='lat'>«</span> <span class='ocrx_word' id='word_1_642' title='bbox 1945 2374 2054 2408; x_wconf 90' lang='lat' dir='ltr'>Omnis</span> <span class='ocrx_word' id='word_1_643' title='bbox 2077 2375 2178 2417; x_wconf 87' lang='lat' dir='ltr'>gloria</span> <span class='ocrx_word' id='word_1_644' title='bbox 2207 2375 2289 2408; x_wconf 87' lang='lat' dir='ltr'>filiae</span> 
     </span>
    </p>
   </div>
   <div class='ocr_carea' id='block_1_21' title="bbox 1005 2473 1583 2479">
    <p class='ocr_par' dir='ltr' id='par_1_24' title="bbox 1005 2473 1583 2479">
     <span class='ocr_line' id='line_1_95' title="bbox 1005 2473 1583 2479; baseline 0 0"><span class='ocrx_word' id='word_1_645' title='bbox 1005 2473 1583 2479; x_wconf 95' lang='lat' dir='ltr'> </span> 
     </span>
    </p>
   </div>
   <div class='ocr_carea' id='block_1_22' title="bbox 297 2540 1262 3464">
    <p class='ocr_par' dir='ltr' id='par_1_25' title="bbox 372 2540 1092 2574">
     <span class='ocr_line' id='line_1_96' title="bbox 372 2540 1092 2574; baseline 0.003 -9"><span class='ocrx_word' id='word_1_646' title='bbox 372 2540 380 2555; x_wconf 88' lang='lat'>¹</span> <span class='ocrx_word' id='word_1_647' title='bbox 402 2541 475 2566; x_wconf 88' lang='lat' dir='ltr'>Vers.</span> <span class='ocrx_word' id='word_1_648' title='bbox 497 2541 539 2566; x_wconf 79' lang='grc'>12.</span> <span class='ocrx_word' id='word_1_649' title='bbox 558 2555 592 2559; x_wconf 87' lang='grc'>-</span> <span class='ocrx_word' id='word_1_650' title='bbox 612 2540 728 2566; x_wconf 85' lang='lat' dir='ltr'>Subinde</span> <span class='ocrx_word' id='word_1_651' title='bbox 748 2541 874 2573; x_wconf 83' lang='lat' dir='ltr'>allegatur</span> <span class='ocrx_word' id='word_1_652' title='bbox 893 2542 962 2567; x_wconf 83' lang='lat' dir='ltr'>loan.</span> <span class='ocrx_word' id='word_1_653' title='bbox 982 2542 1028 2574; x_wconf 87' lang='grc'>10,</span> <span class='ocrx_word' id='word_1_654' title='bbox 1049 2543 1092 2568; x_wconf 84' lang='lat'>29.</span> 
     </span>
    </p>

    <p class='ocr_par' dir='ltr' id='par_1_26' title="bbox 300 2584 1262 2661">
     <span class='ocr_line' id='line_1_97' title="bbox 371 2584 1262 2618; baseline 0.002 -8"><span class='ocrx_word' id='word_1_655' title='bbox 371 2584 381 2599; x_wconf 74' lang='lat'><strong>²</strong></span> <span class='ocrx_word' id='word_1_656' title='bbox 403 2585 475 2611; x_wconf 83' lang='lat' dir='ltr'>Vers.</span> <span class='ocrx_word' id='word_1_657' title='bbox 496 2585 538 2610; x_wconf 76' lang='lat'>44.</span> <span class='ocrx_word' id='word_1_658' title='bbox 557 2599 593 2604; x_wconf 98' lang='lat'><strong>—</strong></span> <span class='ocrx_word' id='word_1_659' title='bbox 611 2584 662 2611; x_wconf 82' lang='lat' dir='ltr'>Ctr.</span> <span class='ocrx_word' id='word_1_660' title='bbox 681 2592 761 2618; x_wconf 85' lang='lat' dir='ltr'>supra</span> <span class='ocrx_word' id='word_1_661' title='bbox 781 2592 807 2611; x_wconf 93' lang='lat' dir='ltr'>n.</span> <span class='ocrx_word' id='word_1_662' title='bbox 828 2585 875 2618; x_wconf 75' lang='lat'>43,</span> <span class='ocrx_word' id='word_1_663' title='bbox 904 2585 949 2611; x_wconf 92' lang='lat' dir='ltr'>ubi</span> <span class='ocrx_word' id='word_1_664' title='bbox 978 2587 1012 2612; x_wconf 87' lang='lat' dir='ltr'>de</span> <span class='ocrx_word' id='word_1_665' title='bbox 1030 2587 1114 2612; x_wconf 85' lang='lat' dir='ltr'>tribus</span> <span class='ocrx_word' id='word_1_666' title='bbox 1134 2586 1262 2612; x_wconf 85' lang='lat' dir='ltr'>membris</span> 
     </span>
     <span class='ocr_line' id='line_1_98' title="bbox 300 2630 486 2661; baseline -0.005 -6"><span class='ocrx_word' id='word_1_667' title='bbox 300 2630 378 2655; x_wconf 86' lang='lat' dir='ltr'>huius</span> <span class='ocrx_word' id='word_1_668' title='bbox 398 2630 486 2661; x_wconf 84' lang='lat' dir='ltr'>partis.</span> 
     </span>
    </p>

    <p class='ocr_par' dir='ltr' id='par_1_27' title="bbox 300 2671 1261 2750">
     <span class='ocr_line' id='line_1_99' title="bbox 372 2671 1261 2707; baseline 0.003 -9"><span class='ocrx_word' id='word_1_669' title='bbox 372 2671 383 2687; x_wconf 78' lang='lat'>⁸</span> <span class='ocrx_word' id='word_1_670' title='bbox 403 2674 437 2699; x_wconf 91' lang='lat' dir='ltr'>lta</span> <span class='ocrx_word' id='word_1_671' title='bbox 457 2674 507 2699; x_wconf 88' lang='lat' dir='ltr'>Bll</span> <span class='ocrx_word' id='word_1_672' title='bbox 529 2674 561 2707; x_wconf 90' lang='lat' dir='ltr'>(D</span> <span class='ocrx_word' id='word_1_673' title='bbox 580 2681 593 2698; x_wconf 91' lang='lat' dir='ltr'>a</span> <span class='ocrx_word' id='word_1_674' title='bbox 615 2674 730 2699; x_wconf 83' lang='lat' dir='ltr'>secunda</span> <span class='ocrx_word' id='word_1_675' title='bbox 751 2674 858 2707; x_wconf 87' lang='lat' dir='ltr'>manu),</span> <span class='ocrx_word' id='word_1_676' title='bbox 883 2675 940 2700; x_wconf 87' lang='lat' dir='ltr'>Vat.</span> <span class='ocrx_word' id='word_1_677' title='bbox 961 2681 1021 2700; x_wconf 89' lang='lat' dir='ltr'>cum</span> <span class='ocrx_word' id='word_1_678' title='bbox 1041 2675 1097 2701; x_wconf 87' lang='lat' dir='ltr'>aliis</span> <span class='ocrx_word' id='word_1_679' title='bbox 1115 2674 1194 2701; x_wconf 83' lang='lat' dir='ltr'>codd.</span> <span class='ocrx_word' id='word_1_680' title='bbox 1214 2674 1261 2701; x_wconf 87' lang='lat' dir='ltr'>ini-</span> 
     </span>
     <span class='ocr_line' id='line_1_100' title="bbox 300 2717 889 2750; baseline 0.002 -7"><span class='ocrx_word' id='word_1_681' title='bbox 300 2717 435 2750; x_wconf 81' lang='lat' dir='ltr'>micitiae;</span> <span class='ocrx_word' id='word_1_682' title='bbox 455 2718 525 2743; x_wconf 86' lang='lat' dir='ltr'>idem</span> <span class='ocrx_word' id='word_1_683' title='bbox 545 2718 656 2743; x_wconf 84' lang='lat' dir='ltr'>recurrit</span> <span class='ocrx_word' id='word_1_684' title='bbox 675 2719 753 2750; x_wconf 83' lang='lat' dir='ltr'>paulo</span> <span class='ocrx_word' id='word_1_685' title='bbox 773 2719 889 2745; x_wconf 80' lang='lat' dir='ltr'>inferius.</span> 
     </span>
    </p>

    <p class='ocr_par' dir='ltr' id='par_1_28' title="bbox 371 2760 1260 2796">
     <span class='ocr_line' id='line_1_101' title="bbox 371 2760 1260 2796; baseline 0.001 -8"><span class='ocrx_word' id='word_1_686' title='bbox 371 2760 382 2775; x_wconf 82' lang='lat'>¹</span> <span class='ocrx_word' id='word_1_687' title='bbox 401 2761 454 2788; x_wconf 84' lang='lat' dir='ltr'>Ctr.</span> <span class='ocrx_word' id='word_1_688' title='bbox 473 2769 552 2794; x_wconf 82' lang='lat' dir='ltr'>supra</span> <span class='ocrx_word' id='word_1_689' title='bbox 573 2770 634 2794; x_wconf 81' lang='lat' dir='ltr'>pag.</span> <span class='ocrx_word' id='word_1_690' title='bbox 655 2763 720 2793; x_wconf 84' lang='lat'>290,</span> <span class='ocrx_word' id='word_1_691' title='bbox 741 2766 802 2788; x_wconf 81' lang='lat' dir='ltr'>nota</span> <span class='ocrx_word' id='word_1_692' title='bbox 822 2763 863 2788; x_wconf 70' lang='lat' dir='ltr'>ta,</span> <span class='ocrx_word' id='word_1_693' title='bbox 883 2777 918 2782; x_wconf 96' lang='lat'><strong>—</strong></span> <span class='ocrx_word' id='word_1_694' title='bbox 937 2763 1061 2796; x_wconf 83' lang='lat' dir='ltr'>Sequitur</span> <span class='ocrx_word' id='word_1_695' title='bbox 1080 2764 1158 2789; x_wconf 90' lang='lat' dir='ltr'>Zach.</span> <span class='ocrx_word' id='word_1_696' title='bbox 1174 2764 1222 2794; x_wconf 82' lang='grc'>13,</span> <span class='ocrx_word' id='word_1_697' title='bbox 1235 2765 1260 2789; x_wconf 92' lang='lat'>2.</span> 
     </span>
    </p>

    <p class='ocr_par' dir='ltr' id='par_1_29' title="bbox 300 2804 1261 2877">
     <span class='ocr_line' id='line_1_102' title="bbox 370 2804 1261 2840; baseline 0.002 -9"><span class='ocrx_word' id='word_1_698' title='bbox 370 2804 381 2819; x_wconf 73' lang='lat'>⁵</span> <span class='ocrx_word' id='word_1_699' title='bbox 401 2807 474 2831; x_wconf 84' lang='lat' dir='ltr'>Vers.</span> <span class='ocrx_word' id='word_1_700' title='bbox 494 2807 542 2839; x_wconf 76' lang='lat'>20,</span> <span class='ocrx_word' id='word_1_701' title='bbox 563 2806 607 2832; x_wconf 90' lang='lat' dir='ltr'>ubi</span> <span class='ocrx_word' id='word_1_702' title='bbox 628 2814 676 2838; x_wconf 90' lang='lat' dir='ltr'>pro</span> <span class='ocrx_word' id='word_1_703' title='bbox 695 2806 842 2838; x_wconf 83' lang='lat' dir='ltr'>daemonii,</span> <span class='ocrx_word' id='word_1_704' title='bbox 860 2807 933 2840; x_wconf 87' lang='lat' dir='ltr'>quod</span> <span class='ocrx_word' id='word_1_705' title='bbox 948 2808 1058 2839; x_wconf 82' lang='lat' dir='ltr'>Vulgata</span> <span class='ocrx_word' id='word_1_706' title='bbox 1071 2808 1180 2840; x_wconf 86' lang='lat' dir='ltr'>omittit,</span> <span class='ocrx_word' id='word_1_707' title='bbox 1202 2808 1261 2834; x_wconf 89' lang='lat' dir='ltr'>Vat.</span> 
     </span>
     <span class='ocr_line' id='line_1_103' title="bbox 300 2849 515 2877; baseline 0 -1"><span class='ocrx_word' id='word_1_708' title='bbox 300 2849 515 2877; x_wconf 59' lang='lat' dir='ltr'>daemoniorum:</span> 
     </span>
    </p>

    <p class='ocr_par' dir='ltr' id='par_1_30' title="bbox 301 2893 1259 2972">
     <span class='ocr_line' id='line_1_104' title="bbox 369 2893 1259 2929; baseline 0.002 -9"><span class='ocrx_word' id='word_1_709' title='bbox 369 2893 381 2908; x_wconf 64' lang='grc' dir='ltr'><strong>θ</strong></span> <span class='ocrx_word' id='word_1_710' title='bbox 401 2895 512 2927; x_wconf 83' lang='lat' dir='ltr'>Vulgata</span> <span class='ocrx_word' id='word_1_711' title='bbox 532 2898 558 2920; x_wconf 87' lang='lat' dir='ltr'>et</span> <span class='ocrx_word' id='word_1_712' title='bbox 578 2896 634 2920; x_wconf 78' lang='lat' dir='ltr'>Vat.</span> <span class='ocrx_word' id='word_1_713' title='bbox 653 2896 777 2921; x_wconf 87' lang='lat' dir='ltr'>omittunt</span> <span class='ocrx_word' id='word_1_714' title='bbox 794 2895 874 2922; x_wconf 81' lang='lat' dir='ltr'>arida</span> <span class='ocrx_word' id='word_1_715' title='bbox 893 2897 918 2922; x_wconf 83' lang='lat' dir='ltr'>et</span> <span class='ocrx_word' id='word_1_716' title='bbox 927 2906 938 2929; x_wconf 87' lang='lat'>,·</span> <span class='ocrx_word' id='word_1_717' title='bbox 961 2898 1007 2922; x_wconf 77' lang='lat' dir='ltr'>ct‘r.</span> <span class='ocrx_word' id='word_1_718' title='bbox 1027 2897 1114 2922; x_wconf 84' lang='lat' dir='ltr'>Matth.</span> <span class='ocrx_word' id='word_1_719' title='bbox 1134 2897 1182 2929; x_wconf 72' lang='lat'>⁴2,</span> <span class='ocrx_word' id='word_1_720' title='bbox 1209 2897 1259 2922; x_wconf 78' lang='lat'>43:</span> 
     </span>
     <span class='ocr_line' id='line_1_105' title="bbox 301 2938 682 2972; baseline 0 -7"><span class='ocrx_word' id='word_1_721' title='bbox 301 2938 431 2965; x_wconf 82' lang='lat' dir='ltr'>Ambulat</span> <span class='ocrx_word' id='word_1_722' title='bbox 444 2946 495 2972; x_wconf 83' lang='lat' dir='ltr'>per</span> <span class='ocrx_word' id='word_1_723' title='bbox 515 2939 573 2965; x_wconf 77' lang='lat' dir='ltr'>loca</span> <span class='ocrx_word' id='word_1_724' title='bbox 592 2939 682 2965; x_wconf 78' lang='lat' dir='ltr'>arida.</span> 
     </span>
    </p>

    <p class='ocr_par' dir='ltr' id='par_1_31' title="bbox 297 2981 1261 3415">
     <span class='ocr_line' id='line_1_106' title="bbox 371 2981 1260 3017; baseline 0.003 -9"><span class='ocrx_word' id='word_1_725' title='bbox 371 2981 381 2996; x_wconf 83' lang='lat'>⁷</span> <span class='ocrx_word' id='word_1_726' title='bbox 402 2984 495 3008; x_wconf 90' lang='lat' dir='ltr'>Psalm.</span> <span class='ocrx_word' id='word_1_727' title='bbox 515 2984 564 3014; x_wconf 86' lang='lat'>62,</span> <span class='ocrx_word' id='word_1_728' title='bbox 584 2985 614 3014; x_wconf 84' lang='lat'>3,</span> <span class='ocrx_word' id='word_1_729' title='bbox 633 2991 714 3016; x_wconf 90' lang='lat' dir='ltr'>quem</span> <span class='ocrx_word' id='word_1_730' title='bbox 734 2984 841 3010; x_wconf 86' lang='lat' dir='ltr'>Hieron.</span> <span class='ocrx_word' id='word_1_731' title='bbox 860 2984 987 3017; x_wconf 84' lang='lat' dir='ltr'>(Breviar.</span> <span class='ocrx_word' id='word_1_732' title='bbox 1009 2985 1036 3011; x_wconf 89' lang='lat' dir='ltr'>in</span> <span class='ocrx_word' id='word_1_733' title='bbox 1050 2986 1181 3016; x_wconf 82' lang='lat' dir='ltr'>Psalmos‚</span> <span class='ocrx_word' id='word_1_734' title='bbox 1194 2986 1260 3011; x_wconf 88' lang='lat' dir='ltr'>inter</span> 
     </span>
     <span class='ocr_line' id='line_1_107' title="bbox 299 3027 1261 3061; baseline 0.003 -9"><span class='ocrx_word' id='word_1_735' title='bbox 299 3034 380 3059; x_wconf 88' lang='lat' dir='ltr'>opera</span> <span class='ocrx_word' id='word_1_736' title='bbox 399 3027 514 3059; x_wconf 86' lang='lat' dir='ltr'>Hieron.)</span> <span class='ocrx_word' id='word_1_737' title='bbox 534 3034 681 3059; x_wconf 85' lang='lat' dir='ltr'>exponens,</span> <span class='ocrx_word' id='word_1_738' title='bbox 700 3036 748 3060; x_wconf 88' lang='lat' dir='ltr'>per</span> <span class='ocrx_word' id='word_1_739' title='bbox 767 3028 902 3055; x_wconf 78' lang='lat' dir='ltr'>desertum</span> <span class='ocrx_word' id='word_1_740' title='bbox 921 3029 1040 3061; x_wconf 84' lang='lat' dir='ltr'>intelligit</span> <span class='ocrx_word' id='word_1_741' title='bbox 1058 3030 1188 3055; x_wconf 88' lang='lat' dir='ltr'>mundum</span> <span class='ocrx_word' id='word_1_742' title='bbox 1202 3036 1261 3061; x_wconf 86' lang='lat' dir='ltr'>pro-</span> 
     </span>
     <span class='ocr_line' id='line_1_108' title="bbox 299 3072 1261 3107; baseline 0.005 -11"><span class='ocrx_word' id='word_1_743' title='bbox 299 3074 357 3103; x_wconf 87' lang='lat' dir='ltr'>pter</span> <span class='ocrx_word' id='word_1_744' title='bbox 376 3074 544 3103; x_wconf 85' lang='lat' dir='ltr'>peccatores;</span> <span class='ocrx_word' id='word_1_745' title='bbox 564 3072 592 3097; x_wconf 88' lang='grc'>11.</span> <span class='ocrx_word' id='word_1_746' title='bbox 609 3072 757 3098; x_wconf 87' lang='lat' dir='ltr'>Comment.</span> <span class='ocrx_word' id='word_1_747' title='bbox 778 3073 801 3098; x_wconf 89' lang='lat' dir='ltr'>in</span> <span class='ocrx_word' id='word_1_748' title='bbox 821 3074 908 3099; x_wconf 82' lang='lat' dir='ltr'>Matth.</span> <span class='ocrx_word' id='word_1_749' title='bbox 923 3075 969 3104; x_wconf 76' lang='grc'>12,</span> <span class='ocrx_word' id='word_1_750' title='bbox 983 3074 1024 3099; x_wconf 70' lang='lat'>43.</span> <span class='ocrx_word' id='word_1_751' title='bbox 1038 3078 1125 3100; x_wconf 86' lang='lat' dir='ltr'>autem</span> <span class='ocrx_word' id='word_1_752' title='bbox 1140 3081 1187 3107; x_wconf 87' lang='lat' dir='ltr'>per</span> <span class='ocrx_word' id='word_1_753' title='bbox 1201 3074 1261 3101; x_wconf 75' lang='lat' dir='ltr'>lot-a</span> 
     </span>
     <span class='ocr_line' id='line_1_109' title="bbox 298 3115 1261 3150; baseline 0.004 -10"><span class='ocrx_word' id='word_1_754' title='bbox 298 3115 379 3141; x_wconf 79' lang='lat' dir='ltr'>arida</span> <span class='ocrx_word' id='word_1_755' title='bbox 398 3116 517 3147; x_wconf 76' lang='lat' dir='ltr'>intelligit</span> <span class='ocrx_word' id='word_1_756' title='bbox 535 3120 642 3147; x_wconf 81' lang='lat' dir='ltr'>gentes,</span> <span class='ocrx_word' id='word_1_757' title='bbox 661 3117 686 3141; x_wconf 92' lang='lat' dir='ltr'>in</span> <span class='ocrx_word' id='word_1_758' title='bbox 707 3117 819 3149; x_wconf 87' lang='lat' dir='ltr'>quibus,</span> <span class='ocrx_word' id='word_1_759' title='bbox 838 3122 978 3150; x_wconf 80' lang='lat' dir='ltr'>postquam</span> <span class='ocrx_word' id='word_1_760' title='bbox 998 3119 1031 3144; x_wconf 85' lang='lat' dir='ltr'>ad</span> <span class='ocrx_word' id='word_1_761' title='bbox 1051 3119 1131 3144; x_wconf 80' lang='lat' dir='ltr'>tidem</span> <span class='ocrx_word' id='word_1_762' title='bbox 1153 3125 1261 3144; x_wconf 88' lang='lat' dir='ltr'>couver-</span> 
     </span>
     <span class='ocr_line' id='line_1_110' title="bbox 299 3159 1260 3195; baseline 0.005 -11"><span class='ocrx_word' id='word_1_763' title='bbox 299 3167 344 3185; x_wconf 85' lang='lat' dir='ltr'>sae</span> <span class='ocrx_word' id='word_1_764' title='bbox 363 3163 436 3191; x_wconf 79' lang='lat' dir='ltr'>sunt,</span> <span class='ocrx_word' id='word_1_765' title='bbox 454 3159 575 3185; x_wconf 85' lang='lat' dir='ltr'>diabolus</span> <span class='ocrx_word' id='word_1_766' title='bbox 603 3167 658 3186; x_wconf 84' lang='lat' dir='ltr'>non</span> <span class='ocrx_word' id='word_1_767' title='bbox 688 3160 789 3187; x_wconf 81' lang='lat' dir='ltr'>invenit</span> <span class='ocrx_word' id='word_1_768' title='bbox 815 3162 934 3195; x_wconf 77' lang='lat' dir='ltr'>requiem</span> <span class='ocrx_word' id='word_1_769' title='bbox 953 3164 978 3188; x_wconf 89' lang='lat' dir='ltr'>et</span> <span class='ocrx_word' id='word_1_770' title='bbox 1004 3162 1150 3189; x_wconf 83' lang='lat' dir='ltr'>revertitur</span> <span class='ocrx_word' id='word_1_771' title='bbox 1170 3163 1204 3189; x_wconf 88' lang='lat' dir='ltr'>ad</span> <span class='ocrx_word' id='word_1_772' title='bbox 1223 3164 1260 3189; x_wconf 90' lang='lat' dir='ltr'>lu-</span> 
     </span>
     <span class='ocr_line' id='line_1_111' title="bbox 298 3204 1261 3237; baseline 0.004 -8"><span class='ocrx_word' id='word_1_773' title='bbox 298 3204 389 3229; x_wconf 85' lang='lat' dir='ltr'>daeos.</span> <span class='ocrx_word' id='word_1_774' title='bbox 401 3204 452 3229; x_wconf 82' lang='lat' dir='ltr'>Ctr.</span> <span class='ocrx_word' id='word_1_775' title='bbox 465 3204 588 3236; x_wconf 80' lang='lat' dir='ltr'>Gregor.‚</span> <span class='ocrx_word' id='word_1_776' title='bbox 602 3205 719 3230; x_wconf 78' lang='lat' dir='ltr'>XXXlll.</span> <span class='ocrx_word' id='word_1_777' title='bbox 733 3206 821 3231; x_wconf 85' lang='lat' dir='ltr'>Moral.</span> <span class='ocrx_word' id='word_1_778' title='bbox 839 3213 861 3231; x_wconf 93' lang='lat' dir='ltr'>c.</span> <span class='ocrx_word' id='word_1_779' title='bbox 882 3207 905 3232; x_wconf 86' lang='lat'>3.</span> <span class='ocrx_word' id='word_1_780' title='bbox 925 3214 952 3232; x_wconf 90' lang='lat' dir='ltr'>n.</span> <span class='ocrx_word' id='word_1_781' title='bbox 971 3207 995 3237; x_wconf 82' lang='lat'>8,</span> <span class='ocrx_word' id='word_1_782' title='bbox 1014 3206 1059 3233; x_wconf 87' lang='lat' dir='ltr'>ubi</span> <span class='ocrx_word' id='word_1_783' title='bbox 1079 3207 1194 3233; x_wconf 86' lang='lat' dir='ltr'>eundem</span> <span class='ocrx_word' id='word_1_784' title='bbox 1203 3211 1261 3236; x_wconf 68' lang='lat' dir='ltr'>tex-</span> 
     </span>
     <span class='ocr_line' id='line_1_112' title="bbox 300 3249 1261 3284; baseline 0.004 -10"><span class='ocrx_word' id='word_1_785' title='bbox 300 3252 355 3275; x_wconf 92' lang='lat' dir='ltr'>tum</span> <span class='ocrx_word' id='word_1_786' title='bbox 377 3249 463 3275; x_wconf 85' lang='lat' dir='ltr'>Matth.</span> <span class='ocrx_word' id='word_1_787' title='bbox 483 3250 531 3280; x_wconf 72' lang='lat'>⁴2,</span> <span class='ocrx_word' id='word_1_788' title='bbox 552 3249 594 3275; x_wconf 74' lang='lat'>43.</span> <span class='ocrx_word' id='word_1_789' title='bbox 612 3257 667 3282; x_wconf 89' lang='lat' dir='ltr'>seq.</span> <span class='ocrx_word' id='word_1_790' title='bbox 686 3250 792 3281; x_wconf 85' lang='lat' dir='ltr'>exponit</span> <span class='ocrx_word' id='word_1_791' title='bbox 810 3254 835 3276; x_wconf 89' lang='lat' dir='ltr'>et</span> <span class='ocrx_word' id='word_1_792' title='bbox 853 3251 932 3277; x_wconf 86' lang='lat' dir='ltr'>dicit:</span> <span class='ocrx_word' id='word_1_793' title='bbox 958 3252 1024 3284; x_wconf 87' lang='lat' dir='ltr'>Quia</span> <span class='ocrx_word' id='word_1_794' title='bbox 1053 3252 1121 3277; x_wconf 82' lang='lat' dir='ltr'>enim</span> <span class='ocrx_word' id='word_1_795' title='bbox 1140 3253 1210 3278; x_wconf 86' lang='lat' dir='ltr'>ssuxa</span> <span class='ocrx_word' id='word_1_796' title='bbox 1233 3253 1261 3278; x_wconf 81' lang='lat' dir='ltr'>tit</span> 
     </span>
     <span class='ocr_line' id='line_1_113' title="bbox 299 3294 1260 3330; baseline 0.004 -11"><span class='ocrx_word' id='word_1_797' title='bbox 299 3297 380 3325; x_wconf 84' lang='lat' dir='ltr'>terra,</span> <span class='ocrx_word' id='word_1_798' title='bbox 400 3301 468 3327; x_wconf 85' lang='lat' dir='ltr'>quae</span> <span class='ocrx_word' id='word_1_799' title='bbox 487 3294 645 3326; x_wconf 79' lang='lat' dir='ltr'>infunditur,</span> <span class='ocrx_word' id='word_1_800' title='bbox 659 3294 718 3321; x_wconf 82' lang='lat' dir='ltr'>loca</span> <span class='ocrx_word' id='word_1_801' title='bbox 730 3294 837 3321; x_wconf 80' lang='lat' dir='ltr'>arentia</span> <span class='ocrx_word' id='word_1_802' title='bbox 855 3297 936 3330; x_wconf 80' lang='lat' dir='ltr'>atque</span> <span class='ocrx_word' id='word_1_803' title='bbox 954 3298 1088 3330; x_wconf 74' lang='lat' dir='ltr'>inaqiwsa</span> <span class='ocrx_word' id='word_1_804' title='bbox 1106 3300 1168 3323; x_wconf 88' lang='lat' dir='ltr'>sunt</span> <span class='ocrx_word' id='word_1_805' title='bbox 1181 3297 1260 3323; x_wconf 85' lang='lat' dir='ltr'>corda</span> 
     </span>
     <span class='ocr_line' id='line_1_114' title="bbox 298 3339 1261 3371; baseline 0.003 -7"><span class='ocrx_word' id='word_1_806' title='bbox 298 3339 443 3369; x_wconf 85' lang='lat' dir='ltr'>iustorum,</span> <span class='ocrx_word' id='word_1_807' title='bbox 462 3346 532 3371; x_wconf 83' lang='lat' dir='ltr'>quae</span> <span class='ocrx_word' id='word_1_808' title='bbox 550 3346 597 3371; x_wconf 87' lang='lat' dir='ltr'>per</span> <span class='ocrx_word' id='word_1_809' title='bbox 615 3339 768 3371; x_wconf 79' lang='lat' dir='ltr'>disciplinae</span> <span class='ocrx_word' id='word_1_810' title='bbox 789 3340 966 3366; x_wconf 83' lang='lat' dir='ltr'>tortitudinem</span> <span class='ocrx_word' id='word_1_811' title='bbox 992 3341 1026 3366; x_wconf 90' lang='lat' dir='ltr'>ab</span> <span class='ocrx_word' id='word_1_812' title='bbox 1055 3342 1125 3367; x_wconf 90' lang='lat' dir='ltr'>omni</span> <span class='ocrx_word' id='word_1_813' title='bbox 1151 3341 1261 3367; x_wconf 88' lang='lat' dir='ltr'>carnalis</span> 
     </span>
     <span class='ocr_line' id='line_1_115' title="bbox 297 3384 809 3415; baseline 0 -6"><span class='ocrx_word' id='word_1_814' title='bbox 297 3384 523 3415; x_wconf 84' lang='lat' dir='ltr'>concupiscentiae</span> <span class='ocrx_word' id='word_1_815' title='bbox 542 3385 653 3409; x_wconf 86' lang='lat' dir='ltr'>humore</span> <span class='ocrx_word' id='word_1_816' title='bbox 671 3384 809 3410; x_wconf 87' lang='lat' dir='ltr'>siccantur.</span> 
     </span>
    </p>

    <p class='ocr_par' dir='ltr' id='par_1_32' title="bbox 371 3427 1261 3464">
     <span class='ocr_line' id='line_1_116' title="bbox 371 3427 1261 3464; baseline 0.002 -10"><span class='ocrx_word' id='word_1_817' title='bbox 371 3427 381 3441; x_wconf 79' lang='lat'>⁸</span> <span class='ocrx_word' id='word_1_818' title='bbox 402 3428 477 3454; x_wconf 81' lang='lat' dir='ltr'>Vers.</span> <span class='ocrx_word' id='word_1_819' title='bbox 498 3429 521 3454; x_wconf 69' lang='lat' dir='ltr'>vl.</span> <span class='ocrx_word' id='word_1_820' title='bbox 541 3428 593 3455; x_wconf 73' lang='lat' dir='ltr'>Ct&#39;r.</span> <span class='ocrx_word' id='word_1_821' title='bbox 613 3429 650 3454; x_wconf 93' lang='grc'>111.</span> <span class='ocrx_word' id='word_1_822' title='bbox 669 3429 740 3454; x_wconf 85' lang='lat' dir='ltr'>Sent.</span> <span class='ocrx_word' id='word_1_823' title='bbox 759 3429 785 3454; x_wconf 88' lang='lat' dir='ltr'>d.</span> <span class='ocrx_word' id='word_1_824' title='bbox 807 3430 832 3455; x_wconf 89' lang='grc'>3.</span> <span class='ocrx_word' id='word_1_825' title='bbox 845 3437 870 3461; x_wconf 86' lang='lat' dir='ltr'>p.</span> <span class='ocrx_word' id='word_1_826' title='bbox 890 3431 908 3456; x_wconf 90' lang='lat'>1.</span> <span class='ocrx_word' id='word_1_827' title='bbox 927 3437 951 3455; x_wconf 87' lang='lat' dir='ltr'>a.</span> <span class='ocrx_word' id='word_1_828' title='bbox 970 3431 994 3456; x_wconf 85' lang='lat'>2.</span> <span class='ocrx_word' id='word_1_829' title='bbox 1014 3438 1040 3463; x_wconf 88' lang='lat' dir='ltr'>q.</span> <span class='ocrx_word' id='word_1_830' title='bbox 1060 3431 1085 3457; x_wconf 87' lang='lat'>3.</span> <span class='ocrx_word' id='word_1_831' title='bbox 1106 3431 1140 3456; x_wconf 84' lang='lat' dir='ltr'>ad</span> <span class='ocrx_word' id='word_1_832' title='bbox 1160 3431 1190 3464; x_wconf 86' lang='lat'>3,</span> <span class='ocrx_word' id='word_1_833' title='bbox 1215 3431 1261 3457; x_wconf 91' lang='lat' dir='ltr'>ubi</span> 
     </span>
    </p>
   </div>
   <div class='ocr_carea' id='block_1_23' title="bbox 1324 2540 2291 3464">
    <p class='ocr_par' dir='ltr' id='par_1_33' title="bbox 1324 2540 2290 2663">
     <span class='ocr_line' id='line_1_117' title="bbox 1325 2540 2290 2575; baseline 0.002 -9"><span class='ocrx_word' id='word_1_834' title='bbox 1325 2541 1451 2573; x_wconf 84' lang='lat' dir='ltr'>expositio</span> <span class='ocrx_word' id='word_1_835' title='bbox 1470 2541 1548 2567; x_wconf 82' lang='lat' dir='ltr'>huius</span> <span class='ocrx_word' id='word_1_836' title='bbox 1567 2541 1615 2566; x_wconf 92' lang='lat' dir='ltr'>loci</span> <span class='ocrx_word' id='word_1_837' title='bbox 1645 2540 1791 2566; x_wconf 89' lang='lat' dir='ltr'>secundum</span> <span class='ocrx_word' id='word_1_838' title='bbox 1811 2541 1916 2567; x_wconf 86' lang='lat' dir='ltr'>Hie-ron.</span> <span class='ocrx_word' id='word_1_839' title='bbox 1936 2542 2056 2573; x_wconf 79' lang='lat' dir='ltr'>affertur,</span> <span class='ocrx_word' id='word_1_840' title='bbox 2076 2542 2100 2567; x_wconf 94' lang='lat' dir='ltr'>in</span> <span class='ocrx_word' id='word_1_841' title='bbox 2120 2548 2173 2575; x_wconf 87' lang='lat' dir='ltr'>qua</span> <span class='ocrx_word' id='word_1_842' title='bbox 2192 2542 2290 2568; x_wconf 85' lang='lat' dir='ltr'>scilicet</span> 
     </span>
     <span class='ocr_line' id='line_1_118' title="bbox 1324 2585 2289 2620; baseline 0.001 -9"><span class='ocrx_word' id='word_1_843' title='bbox 1324 2593 1373 2618; x_wconf 91' lang='lat' dir='ltr'>per</span> <span class='ocrx_word' id='word_1_844' title='bbox 1386 2587 1497 2620; x_wconf 80' lang='lat' dir='ltr'>petram</span> <span class='ocrx_word' id='word_1_845' title='bbox 1515 2585 1614 2612; x_wconf 78' lang='lat' dir='ltr'>deserti</span> <span class='ocrx_word' id='word_1_846' title='bbox 1631 2585 1780 2617; x_wconf 84' lang='lat' dir='ltr'>intelligitur</span> <span class='ocrx_word' id='word_1_847' title='bbox 1799 2585 1884 2618; x_wconf 81' lang='lat' dir='ltr'>Ruth,</span> <span class='ocrx_word' id='word_1_848' title='bbox 1916 2586 1957 2612; x_wconf 81' lang='lat' dir='ltr'>eui</span> <span class='ocrx_word' id='word_1_849' title='bbox 1986 2586 2107 2619; x_wconf 84' lang='lat' dir='ltr'>adiungit</span> <span class='ocrx_word' id='word_1_850' title='bbox 2132 2587 2233 2619; x_wconf 81' lang='lat' dir='ltr'>Haymo</span> <span class='ocrx_word' id='word_1_851' title='bbox 2253 2586 2289 2620; x_wconf 91' lang='lat' dir='ltr'>(in</span> 
     </span>
     <span class='ocr_line' id='line_1_119' title="bbox 1325 2630 1790 2663; baseline -0.002 -7"><span class='ocrx_word' id='word_1_852' title='bbox 1325 2631 1439 2656; x_wconf 87' lang='lat' dir='ltr'>eundem</span> <span class='ocrx_word' id='word_1_853' title='bbox 1460 2631 1518 2663; x_wconf 88' lang='lat' dir='ltr'>loc.)</span> <span class='ocrx_word' id='word_1_854' title='bbox 1539 2631 1566 2655; x_wconf 90' lang='lat' dir='ltr'>B.</span> <span class='ocrx_word' id='word_1_855' title='bbox 1588 2630 1695 2656; x_wconf 87' lang='lat' dir='ltr'>Mariam</span> <span class='ocrx_word' id='word_1_856' title='bbox 1717 2631 1790 2662; x_wconf 79' lang='lat' dir='ltr'>Vir-g.</span> 
     </span>
    </p>

    <p class='ocr_par' dir='ltr' id='par_1_34' title="bbox 1395 2673 1970 2708">
     <span class='ocr_line' id='line_1_120' title="bbox 1395 2673 1970 2708; baseline 0 -8"><span class='ocrx_word' id='word_1_857' title='bbox 1395 2673 1406 2688; x_wconf 79' lang='lat'>⁹</span> <span class='ocrx_word' id='word_1_858' title='bbox 1425 2676 1501 2701; x_wconf 83' lang='lat' dir='ltr'>Vers.</span> <span class='ocrx_word' id='word_1_859' title='bbox 1521 2675 1569 2705; x_wconf 82' lang='grc'>16,</span> <span class='ocrx_word' id='word_1_860' title='bbox 1589 2678 1648 2706; x_wconf 87' lang='lat' dir='ltr'>post</span> <span class='ocrx_word' id='word_1_861' title='bbox 1666 2682 1746 2708; x_wconf 90' lang='lat' dir='ltr'>quem</span> <span class='ocrx_word' id='word_1_862' title='bbox 1766 2676 1858 2701; x_wconf 88' lang='lat' dir='ltr'>Ezecb.</span> <span class='ocrx_word' id='word_1_863' title='bbox 1878 2676 1924 2707; x_wconf 83' lang='lat'>29,</span> <span class='ocrx_word' id='word_1_864' title='bbox 1945 2676 1970 2701; x_wconf 89' lang='lat'>3.</span> 
     </span>
    </p>

    <p class='ocr_par' dir='ltr' id='par_1_35' title="bbox 1324 2718 2291 3058">
     <span class='ocr_line' id='line_1_121' title="bbox 1396 2718 2291 2753; baseline 0.001 -9"><span class='ocrx_word' id='word_1_865' title='bbox 1396 2718 1419 2733; x_wconf 86' lang='lat'>¹⁰</span> <span class='ocrx_word' id='word_1_866' title='bbox 1439 2720 1512 2745; x_wconf 84' lang='lat' dir='ltr'>Vers.</span> <span class='ocrx_word' id='word_1_867' title='bbox 1531 2719 1557 2744; x_wconf 93' lang='grc'>7.</span> <span class='ocrx_word' id='word_1_868' title='bbox 1578 2719 1664 2750; x_wconf 85' lang='lat' dir='ltr'>Beda,</span> <span class='ocrx_word' id='word_1_869' title='bbox 1683 2719 1726 2745; x_wconf 90' lang='lat' dir='ltr'>IV.</span> <span class='ocrx_word' id='word_1_870' title='bbox 1744 2720 1808 2745; x_wconf 85' lang='lat' dir='ltr'>Luc.</span> <span class='ocrx_word' id='word_1_871' title='bbox 1828 2720 1870 2750; x_wconf 83' lang='grc'>11,</span> <span class='ocrx_word' id='word_1_872' title='bbox 1890 2719 1941 2745; x_wconf 79' lang='lat'>24:</span> <span class='ocrx_word' id='word_1_873' title='bbox 1963 2718 2102 2751; x_wconf 81' lang='lat' dir='ltr'>Quaerens</span> <span class='ocrx_word' id='word_1_874' title='bbox 2121 2718 2241 2753; x_wconf 81' lang='lat' dir='ltr'>requiem</span> <span class='ocrx_word' id='word_1_875' title='bbox 2265 2721 2291 2746; x_wconf 85' lang='lat' dir='ltr'>et</span> 
     </span>
     <span class='ocr_line' id='line_1_122' title="bbox 1325 2763 2289 2797; baseline 0 -7"><span class='ocrx_word' id='word_1_876' title='bbox 1325 2771 1380 2790; x_wconf 85' lang='lat' dir='ltr'>non</span> <span class='ocrx_word' id='word_1_877' title='bbox 1399 2763 1548 2795; x_wconf 74' lang='lat' dir='ltr'>inveniens,</span> <span class='ocrx_word' id='word_1_878' title='bbox 1568 2764 1629 2797; x_wconf 86' lang='lat' dir='ltr'>quia</span> <span class='ocrx_word' id='word_1_879' title='bbox 1649 2767 1733 2790; x_wconf 85' lang='lat' dir='ltr'>castas</span> <span class='ocrx_word' id='word_1_880' title='bbox 1753 2768 1854 2790; x_wconf 86' lang='lat' dir='ltr'>mentes</span> <span class='ocrx_word' id='word_1_881' title='bbox 1872 2764 2014 2796; x_wconf 78' lang='lat' dir='ltr'>effugiens,</span> <span class='ocrx_word' id='word_1_882' title='bbox 2034 2763 2060 2789; x_wconf 93' lang='lat' dir='ltr'>in</span> <span class='ocrx_word' id='word_1_883' title='bbox 2086 2764 2142 2789; x_wconf 89' lang='lat' dir='ltr'>solo</span> <span class='ocrx_word' id='word_1_884' title='bbox 2167 2763 2289 2790; x_wconf 87' lang='lat' dir='ltr'>diabolus</span> 
     </span>
     <span class='ocr_line' id='line_1_123' title="bbox 1324 2808 2287 2841; baseline 0.001 -7"><span class='ocrx_word' id='word_1_885' title='bbox 1324 2809 1404 2835; x_wconf 87' lang='lat' dir='ltr'>corde</span> <span class='ocrx_word' id='word_1_886' title='bbox 1424 2815 1569 2840; x_wconf 83' lang='lat' dir='ltr'>pravorum</span> <span class='ocrx_word' id='word_1_887' title='bbox 1590 2811 1692 2841; x_wconf 81' lang='lat' dir='ltr'>gratam</span> <span class='ocrx_word' id='word_1_888' title='bbox 1711 2808 1761 2835; x_wconf 86' lang='lat' dir='ltr'>sibi</span> <span class='ocrx_word' id='word_1_889' title='bbox 1782 2811 1867 2841; x_wconf 87' lang='lat' dir='ltr'>potest</span> <span class='ocrx_word' id='word_1_890' title='bbox 1885 2809 2004 2834; x_wconf 87' lang='lat' dir='ltr'>invenire</span> <span class='ocrx_word' id='word_1_891' title='bbox 2023 2808 2150 2841; x_wconf 87' lang='lat' dir='ltr'>quietern.</span> <span class='ocrx_word' id='word_1_892' title='bbox 2165 2808 2240 2834; x_wconf 88' lang='lat' dir='ltr'>Unde</span> <span class='ocrx_word' id='word_1_893' title='bbox 2253 2809 2287 2835; x_wconf 91' lang='lat' dir='ltr'>de</span> 
     </span>
     <span class='ocr_line' id='line_1_124' title="bbox 1326 2851 2287 2887; baseline 0.001 -9"><span class='ocrx_word' id='word_1_894' title='bbox 1326 2854 1368 2879; x_wconf 89' lang='lat' dir='ltr'>illo</span> <span class='ocrx_word' id='word_1_895' title='bbox 1390 2853 1534 2879; x_wconf 83' lang='lat' dir='ltr'>Dominus:</span> <span class='ocrx_word' id='word_1_896' title='bbox 1563 2852 1620 2880; x_wconf 89' lang='lat' dir='ltr'>Sub</span> <span class='ocrx_word' id='word_1_897' title='bbox 1639 2852 1739 2879; x_wconf 86' lang='lat' dir='ltr'>umbra</span> <span class='ocrx_word' id='word_1_898' title='bbox 1759 2853 1864 2887; x_wconf 89' lang='lat' dir='ltr'>(inquit)</span> <span class='ocrx_word' id='word_1_899' title='bbox 1886 2852 1986 2879; x_wconf 82' lang='lat' dir='ltr'>dormit</span> <span class='ocrx_word' id='word_1_900' title='bbox 2006 2852 2034 2878; x_wconf 84' lang='lat' dir='ltr'>in</span> <span class='ocrx_word' id='word_1_901' title='bbox 2053 2854 2154 2879; x_wconf 80' lang='lat' dir='ltr'>secreto</span> <span class='ocrx_word' id='word_1_902' title='bbox 2173 2851 2287 2885; x_wconf 81' lang='lat' dir='ltr'>calami,</span> 
     </span>
     <span class='ocr_line' id='line_1_125' title="bbox 1325 2896 2288 2931; baseline 0 -7"><span class='ocrx_word' id='word_1_903' title='bbox 1325 2899 1350 2924; x_wconf 82' lang='lat' dir='ltr'>et</span> <span class='ocrx_word' id='word_1_904' title='bbox 1369 2897 1434 2924; x_wconf 82' lang='lat' dir='ltr'>locis</span> <span class='ocrx_word' id='word_1_905' title='bbox 1454 2897 1626 2924; x_wconf 73' lang='lat' dir='ltr'>humentibus</span> <span class='ocrx_word' id='word_1_906' title='bbox 1646 2897 1702 2930; x_wconf 90' lang='lat' dir='ltr'>(lob</span> <span class='ocrx_word' id='word_1_907' title='bbox 1722 2898 1770 2929; x_wconf 70' lang='lat'>40,</span> <span class='ocrx_word' id='word_1_908' title='bbox 1791 2898 1855 2931; x_wconf 85' lang='grc'>16.).</span> <span class='ocrx_word' id='word_1_909' title='bbox 1884 2898 1910 2923; x_wconf 92' lang='lat' dir='ltr'>ln</span> <span class='ocrx_word' id='word_1_910' title='bbox 1939 2896 2053 2929; x_wconf 82' lang='lat' dir='ltr'>umbra,</span> <span class='ocrx_word' id='word_1_911' title='bbox 2073 2897 2195 2923; x_wconf 85' lang='lat' dir='ltr'>videlicet</span> <span class='ocrx_word' id='word_1_912' title='bbox 2219 2901 2288 2924; x_wconf 85' lang='lat' dir='ltr'>tene·</span> 
     </span>
     <span class='ocr_line' id='line_1_126' title="bbox 1324 2942 2287 2975; baseline 0.001 -7"><span class='ocrx_word' id='word_1_913' title='bbox 1324 2942 1417 2968; x_wconf 86' lang='lat' dir='ltr'>brosas</span> <span class='ocrx_word' id='word_1_914' title='bbox 1435 2943 1607 2968; x_wconf 83' lang='lat' dir='ltr'>conscientias</span> <span class='ocrx_word' id='word_1_915' title='bbox 1617 2953 1624 2974; x_wconf 68' lang='grc' dir='ltr'>ς</span> <span class='ocrx_word' id='word_1_916' title='bbox 1645 2943 1671 2968; x_wconf 90' lang='lat' dir='ltr'>in</span> <span class='ocrx_word' id='word_1_917' title='bbox 1691 2942 1811 2974; x_wconf 85' lang='lat' dir='ltr'>calamo,</span> <span class='ocrx_word' id='word_1_918' title='bbox 1835 2943 1881 2975; x_wconf 83' lang='lat' dir='ltr'>qui</span> <span class='ocrx_word' id='word_1_919' title='bbox 1901 2942 1962 2967; x_wconf 82' lang='lat' dir='ltr'>roris</span> <span class='ocrx_word' id='word_1_920' title='bbox 1980 2942 2092 2974; x_wconf 88' lang='lat' dir='ltr'>nitidus,</span> <span class='ocrx_word' id='word_1_921' title='bbox 2107 2942 2175 2968; x_wconf 88' lang='lat' dir='ltr'>intus</span> <span class='ocrx_word' id='word_1_922' title='bbox 2187 2946 2227 2969; x_wconf 84' lang='lat' dir='ltr'>est</span> <span class='ocrx_word' id='word_1_923' title='bbox 2242 2950 2287 2969; x_wconf 89' lang='lat' dir='ltr'>va-</span> 
     </span>
     <span class='ocr_line' id='line_1_127' title="bbox 1325 2985 2287 3021; baseline 0.001 -8"><span class='ocrx_word' id='word_1_924' title='bbox 1325 2994 1404 3019; x_wconf 78' lang='lat' dir='ltr'>cuus,</span> <span class='ocrx_word' id='word_1_925' title='bbox 1428 2987 1616 3020; x_wconf 86' lang='lat' dir='ltr'>simulatrices;</span> <span class='ocrx_word' id='word_1_926' title='bbox 1645 2987 1670 3012; x_wconf 94' lang='lat' dir='ltr'>in</span> <span class='ocrx_word' id='word_1_927' title='bbox 1701 2987 1765 3013; x_wconf 60' lang='lat' dir='ltr'>loeis&gt;⁸</span> <span class='ocrx_word' id='word_1_928' title='bbox 1789 2985 1975 3018; x_wconf 76' lang='lat' dir='ltr'>humentibus,</span> <span class='ocrx_word' id='word_1_929' title='bbox 2004 2986 2114 3012; x_wconf 84' lang='lat' dir='ltr'>lascivus</span> <span class='ocrx_word' id='word_1_930' title='bbox 2141 2988 2287 3021; x_wconf 81' lang='lat' dir='ltr'>mollesque</span> 
     </span>
     <span class='ocr_line' id='line_1_128' title="bbox 1325 3032 1586 3058; baseline 0 -1"><span class='ocrx_word' id='word_1_931' title='bbox 1325 3035 1424 3058; x_wconf 84' lang='lat' dir='ltr'>mentes</span> <span class='ocrx_word' id='word_1_932' title='bbox 1444 3032 1586 3058; x_wconf 84' lang='lat' dir='ltr'>insinuans.</span> 
     </span>
    </p>

    <p class='ocr_par' dir='ltr' id='par_1_36' title="bbox 1324 3074 2287 3243">
     <span class='ocr_line' id='line_1_129' title="bbox 1396 3074 2287 3110; baseline 0 -8"><span class='ocrx_word' id='word_1_933' title='bbox 1396 3075 1416 3091; x_wconf 89' lang='lat'>¹¹</span> <span class='ocrx_word' id='word_1_934' title='bbox 1438 3077 1561 3109; x_wconf 83' lang='lat' dir='ltr'>Vulgata,</span> <span class='ocrx_word' id='word_1_935' title='bbox 1585 3084 1665 3110; x_wconf 87' lang='lat' dir='ltr'>quam</span> <span class='ocrx_word' id='word_1_936' title='bbox 1686 3077 1707 3102; x_wconf 80' lang='lat' dir='ltr'>it</span> <span class='ocrx_word' id='word_1_937' title='bbox 1726 3079 1752 3102; x_wconf 88' lang='lat' dir='ltr'>et</span> <span class='ocrx_word' id='word_1_938' title='bbox 1772 3076 1830 3101; x_wconf 87' lang='lat' dir='ltr'>Vat.</span> <span class='ocrx_word' id='word_1_939' title='bbox 1850 3078 2010 3108; x_wconf 87' lang='lat' dir='ltr'>sequuntur,</span> <span class='ocrx_word' id='word_1_940' title='bbox 2028 3074 2106 3102; x_wconf 82' lang='lat' dir='ltr'>unde.</span> <span class='ocrx_word' id='word_1_941' title='bbox 2120 3090 2155 3096; x_wconf 93' lang='lat'><strong>—</strong></span> <span class='ocrx_word' id='word_1_942' title='bbox 2168 3076 2287 3102; x_wconf 86' lang='lat' dir='ltr'>Subinde</span> 
     </span>
     <span class='ocr_line' id='line_1_130' title="bbox 1324 3118 2285 3153; baseline 0.001 -8"><span class='ocrx_word' id='word_1_943' title='bbox 1324 3120 1450 3152; x_wconf 84' lang='lat' dir='ltr'>allegatur</span> <span class='ocrx_word' id='word_1_944' title='bbox 1470 3120 1526 3146; x_wconf 85' lang='lat' dir='ltr'>lsai.</span> <span class='ocrx_word' id='word_1_945' title='bbox 1546 3120 1594 3152; x_wconf 84' lang='lat'>37,</span> <span class='ocrx_word' id='word_1_946' title='bbox 1614 3120 1666 3145; x_wconf 73' lang='lat'>315:</span> <span class='ocrx_word' id='word_1_947' title='bbox 1686 3120 1718 3146; x_wconf 88' lang='lat' dir='ltr'>ln</span> <span class='ocrx_word' id='word_1_948' title='bbox 1736 3119 1795 3151; x_wconf 81' lang='lat' dir='ltr'>via,</span> <span class='ocrx_word' id='word_1_949' title='bbox 1816 3126 1871 3153; x_wconf 86' lang='lat' dir='ltr'>qua</span> <span class='ocrx_word' id='word_1_950' title='bbox 1890 3118 1973 3150; x_wconf 76' lang='lat' dir='ltr'>venit,</span> <span class='ocrx_word' id='word_1_951' title='bbox 1985 3125 2035 3152; x_wconf 83' lang='lat' dir='ltr'>per</span> <span class='ocrx_word' id='word_1_952' title='bbox 2048 3126 2109 3146; x_wconf 86' lang='lat' dir='ltr'>eam</span> <span class='ocrx_word' id='word_1_953' title='bbox 2127 3121 2285 3146; x_wconf 81' lang='lat' dir='ltr'>revertetur.</span> 
     </span>
     <span class='ocr_line' id='line_1_131' title="bbox 1324 3163 2287 3198; baseline 0 -8"><span class='ocrx_word' id='word_1_954' title='bbox 1324 3165 1374 3190; x_wconf 91' lang='lat' dir='ltr'>Pro</span> <span class='ocrx_word' id='word_1_955' title='bbox 1393 3164 1575 3191; x_wconf 79' lang='lat' dir='ltr'>Sennacherib</span> <span class='ocrx_word' id='word_1_956' title='bbox 1596 3164 1640 3197; x_wconf 85' lang='lat' dir='ltr'>(ita</span> <span class='ocrx_word' id='word_1_957' title='bbox 1660 3164 1707 3198; x_wconf 85' lang='grc' dir='ltr'>Α),</span> <span class='ocrx_word' id='word_1_958' title='bbox 1727 3164 1801 3197; x_wconf 90' lang='lat' dir='ltr'>quod</span> <span class='ocrx_word' id='word_1_959' title='bbox 1830 3164 1851 3189; x_wconf 93' lang='lat' dir='ltr'>D</span> <span class='ocrx_word' id='word_1_960' title='bbox 1878 3163 1986 3196; x_wconf 82' lang='lat' dir='ltr'>omittit,</span> <span class='ocrx_word' id='word_1_961' title='bbox 2012 3163 2031 3189; x_wconf 96' lang='lat' dir='ltr'>C</span> <span class='ocrx_word' id='word_1_962' title='bbox 2058 3166 2186 3196; x_wconf 83' lang='lat' dir='ltr'>satanas,</span> <span class='ocrx_word' id='word_1_963' title='bbox 2205 3164 2227 3190; x_wconf 91' lang='lat' dir='ltr'>G</span> <span class='ocrx_word' id='word_1_964' title='bbox 2245 3171 2287 3191; x_wconf 88' lang='lat' dir='ltr'>sa-</span> 
     </span>
     <span class='ocr_line' id='line_1_132' title="bbox 1327 3207 2111 3243; baseline -0.001 -7"><span class='ocrx_word' id='word_1_965' title='bbox 1327 3211 1422 3241; x_wconf 79' lang='lat' dir='ltr'>tanae,</span> <span class='ocrx_word' id='word_1_966' title='bbox 1442 3209 1500 3235; x_wconf 86' lang='lat' dir='ltr'>Vat.</span> <span class='ocrx_word' id='word_1_967' title='bbox 1521 3209 1583 3241; x_wconf 84' lang='lat' dir='ltr'>legit</span> <span class='ocrx_word' id='word_1_968' title='bbox 1602 3216 1654 3235; x_wconf 70' lang='lat' dir='ltr'>reat</span> <span class='ocrx_word' id='word_1_969' title='bbox 1673 3208 1864 3243; x_wconf 77' lang='lat' dir='ltr'>Assyriorum,</span> <span class='ocrx_word' id='word_1_970' title='bbox 1886 3207 1915 3234; x_wconf 83' lang='lat' dir='ltr'>id</span> <span class='ocrx_word' id='word_1_971' title='bbox 1932 3209 1972 3234; x_wconf 79' lang='lat' dir='ltr'>est</span> <span class='ocrx_word' id='word_1_972' title='bbox 1989 3210 2111 3235; x_wconf 75' lang='lat' dir='ltr'>satanas.</span> 
     </span>
    </p>

    <p class='ocr_par' dir='ltr' id='par_1_37' title="bbox 1397 3252 2036 3286">
     <span class='ocr_line' id='line_1_133' title="bbox 1397 3252 2036 3286; baseline 0 -7"><span class='ocrx_word' id='word_1_973' title='bbox 1397 3252 1418 3267; x_wconf 78' lang='lat'>¹²</span> <span class='ocrx_word' id='word_1_974' title='bbox 1439 3254 1514 3279; x_wconf 90' lang='lat' dir='ltr'>Vers.</span> <span class='ocrx_word' id='word_1_975' title='bbox 1534 3253 1575 3279; x_wconf 77' lang='lat'>34.</span> <span class='ocrx_word' id='word_1_976' title='bbox 1596 3267 1630 3272; x_wconf 90' lang='lat'>—-</span> <span class='ocrx_word' id='word_1_977' title='bbox 1649 3254 1773 3286; x_wconf 87' lang='lat' dir='ltr'>Sequitur</span> <span class='ocrx_word' id='word_1_978' title='bbox 1791 3253 1867 3278; x_wconf 84' lang='lat' dir='ltr'>Prov.</span> <span class='ocrx_word' id='word_1_979' title='bbox 1887 3252 1917 3283; x_wconf 80' lang='lat'>5,</span> <span class='ocrx_word' id='word_1_980' title='bbox 1938 3253 1963 3278; x_wconf 83' lang='lat'>9.</span> <span class='ocrx_word' id='word_1_981' title='bbox 1981 3260 2036 3286; x_wconf 82' lang='lat' dir='ltr'>seq.</span> 
     </span>
    </p>

    <p class='ocr_par' dir='ltr' id='par_1_38' title="bbox 1324 3296 2286 3464">
     <span class='ocr_line' id='line_1_134' title="bbox 1396 3296 2284 3329; baseline 0.001 -6"><span class='ocrx_word' id='word_1_982' title='bbox 1396 3296 1419 3312; x_wconf 82' lang='lat'>¹⁸</span> <span class='ocrx_word' id='word_1_983' title='bbox 1437 3298 1530 3324; x_wconf 83' lang='lat' dir='ltr'>Psalm.</span> <span class='ocrx_word' id='word_1_984' title='bbox 1550 3298 1599 3329; x_wconf 85' lang='grc'>76,</span> <span class='ocrx_word' id='word_1_985' title='bbox 1619 3298 1651 3329; x_wconf 86' lang='grc'>7,</span> <span class='ocrx_word' id='word_1_986' title='bbox 1665 3298 1710 3324; x_wconf 93' lang='lat' dir='ltr'>ubi</span> <span class='ocrx_word' id='word_1_987' title='bbox 1730 3304 1790 3323; x_wconf 89' lang='lat' dir='ltr'>cum</span> <span class='ocrx_word' id='word_1_988' title='bbox 1806 3297 1916 3329; x_wconf 80' lang='lat' dir='ltr'>Vulgata</span> <span class='ocrx_word' id='word_1_989' title='bbox 1931 3297 2060 3323; x_wconf 82' lang='lat' dir='ltr'>habemus</span> <span class='ocrx_word' id='word_1_990' title='bbox 2077 3296 2284 3329; x_wconf 70' lang='lat' dir='ltr'>Eoeercz&#39;taham,</span> 
     </span>
     <span class='ocr_line' id='line_1_135' title="bbox 1326 3341 2286 3375; baseline 0.001 -8"><span class='ocrx_word' id='word_1_991' title='bbox 1326 3343 1384 3368; x_wconf 88' lang='lat' dir='ltr'>Vat.</span> <span class='ocrx_word' id='word_1_992' title='bbox 1398 3342 1570 3375; x_wconf 74' lang='lat' dir='ltr'>Eoee›·cebar;</span> <span class='ocrx_word' id='word_1_993' title='bbox 1590 3343 1715 3375; x_wconf 56' lang='lat' dir='ltr'>August„</span> <span class='ocrx_word' id='word_1_994' title='bbox 1735 3343 1851 3368; x_wconf 86' lang='lat' dir='ltr'>Enarrat.</span> <span class='ocrx_word' id='word_1_995' title='bbox 1868 3342 1892 3367; x_wconf 87' lang='lat' dir='ltr'>in</span> <span class='ocrx_word' id='word_1_996' title='bbox 1905 3341 1946 3367; x_wconf 86' lang='lat' dir='ltr'>Ps.</span> <span class='ocrx_word' id='word_1_997' title='bbox 1965 3341 2009 3368; x_wconf 88' lang='grc'>76.</span> <span class='ocrx_word' id='word_1_998' title='bbox 2029 3349 2055 3368; x_wconf 83' lang='grc' dir='ltr'>ιι.</span> <span class='ocrx_word' id='word_1_999' title='bbox 2075 3343 2099 3368; x_wconf 86' lang='grc'>9.</span> <span class='ocrx_word' id='word_1_1000' title='bbox 2120 3342 2198 3375; x_wconf 79' lang='lat' dir='ltr'>legit:</span> <span class='ocrx_word' id='word_1_1001' title='bbox 2218 3341 2286 3368; x_wconf 83' lang='lat' dir='ltr'>Gar-</span> 
     </span>
     <span class='ocr_line' id='line_1_136' title="bbox 1324 3385 2286 3420; baseline -0.002 -7"><span class='ocrx_word' id='word_1_1002' title='bbox 1324 3385 1428 3413; x_wconf 82' lang='lat' dir='ltr'>riebam</span> <span class='ocrx_word' id='word_1_1003' title='bbox 1446 3388 1471 3413; x_wconf 83' lang='lat' dir='ltr'>et</span> <span class='ocrx_word' id='word_1_1004' title='bbox 1488 3386 1634 3413; x_wconf 78' lang='lat' dir='ltr'>scrutabar</span> <span class='ocrx_word' id='word_1_1005' title='bbox 1653 3386 1781 3420; x_wconf 72' lang='lat' dir='ltr'>spii-ilum</span> <span class='ocrx_word' id='word_1_1006' title='bbox 1800 3392 1898 3412; x_wconf 83' lang='lat' dir='ltr'>meum.</span> <span class='ocrx_word' id='word_1_1007' title='bbox 1918 3400 1951 3404; x_wconf 98' lang='lat'><strong>—</strong></span> <span class='ocrx_word' id='word_1_1008' title='bbox 1971 3386 2089 3412; x_wconf 83' lang='lat' dir='ltr'>Subinde</span> <span class='ocrx_word' id='word_1_1009' title='bbox 2105 3387 2231 3418; x_wconf 83' lang='lat' dir='ltr'>allegatur</span> <span class='ocrx_word' id='word_1_1010' title='bbox 2244 3386 2286 3411; x_wconf 86' lang='lat' dir='ltr'>Ps.</span> 
     </span>
     <span class='ocr_line' id='line_1_137' title="bbox 1326 3429 1928 3464; baseline -0.002 -8"><span class='ocrx_word' id='word_1_1011' title='bbox 1326 3431 1374 3462; x_wconf 74' lang='lat'>44,</span> <span class='ocrx_word' id='word_1_1012' title='bbox 1394 3430 1437 3462; x_wconf 70' lang='lat'>⁴4,</span> <span class='ocrx_word' id='word_1_1013' title='bbox 1456 3429 1555 3464; x_wconf 89' lang='lat' dir='ltr'>in&#39;quo</span> <span class='ocrx_word' id='word_1_1014' title='bbox 1574 3438 1623 3463; x_wconf 86' lang='lat' dir='ltr'>pro</span> <span class='ocrx_word' id='word_1_1015' title='bbox 1642 3430 1714 3464; x_wconf 74' lang='lat' dir='ltr'>reqis</span> <span class='ocrx_word' id='word_1_1016' title='bbox 1733 3430 1843 3456; x_wconf 86' lang='lat' dir='ltr'>CDFH</span> <span class='ocrx_word' id='word_1_1017' title='bbox 1863 3429 1928 3456; x_wconf 71' lang='lat' dir='ltr'>eius.</span> 
     </span>
    </p>
   </div>
   <div class='ocr_carea' id='block_1_24' title="bbox 2324 2138 2410 2193">
    <p class='ocr_par' dir='ltr' id='par_1_39' title="bbox 2324 2138 2410 2193">
     <span class='ocr_line' id='line_1_138' title="bbox 2324 2138 2410 2160; baseline -0.012 0"><span class='ocrx_word' id='word_1_1018' title='bbox 2324 2138 2410 2160; x_wconf 71' lang='lat' dir='ltr'>reducit</span> 
     </span>
     <span class='ocr_line' id='line_1_139' title="bbox 2328 2165 2407 2193; baseline -0.014 -6"><span class='ocrx_word' id='word_1_1019' title='bbox 2328 2165 2407 2193; x_wconf 85' lang='lat' dir='ltr'>ipsum.</span> 
     </span>
    </p>
   </div>
  </div>
 </body>
</html>
