2427 3872
280 259 344 291 830
562 299 620 324 SAC

280 347 349 372 tione
374 344 472 370 ordinis
494 343 615 369 convenit
642 341 802 373 presbyteris
834 340 914 370 ligare

279 395 305 415 et
323 390 424 415 solvere
444 388 467 413 in
488 389 543 412 roro
564 385 736 418 poenitentiali
756 384 808 409 515
827 383 860 408 52
879 396 914 401 -

278 435 393 460 Potestas
406 431 548 458 sacerdotis
559 430 592 456 ad
606 429 787 459 remittendam
802 433 914 459 poenam

280 481 318 503 est
338 476 511 502 ministerialis
530 478 555 500 et
578 473 740 506 particularis
758 476 783 497 et
802 478 853 496 non
873 472 915 495 ha-

279 522 323 547 bet
350 522 470 547 eflectum
499 519 546 544 nisi
573 525 620 549 per
648 516 796 549 passionem
821 514 913 540 Christi

279 566 330 592 514
351 565 383 590 49
411 578 446 583 -
464 563 617 595 dispositive
636 561 704 586 delet
723 560 827 591 culpam
853 565 913 583 con-

280 609 386 635 ferendo
401 609 566 633 Sacramenta
586 604 647 631 ibid.
666 618 702 623 —
720 604 826 629 solvunt
839 605 864 627 et
876 608 914 626 re-

279 654 360 679 tinent
387 654 505 684 peccata,
524 651 598 675 clave
618 656 668 674 non
696 650 799 673 errante
826 645 860 672 ib.
885 646 914 670 3⁸

278 709 314 716 --
341 697 381 722 Ad
407 694 597 721 absolvendum
627 700 656 718 ex
685 692 771 717 officio
798 697 850 715 non
876 692 915 714 est

278 748 396 772 necesse,
416 739 486 772 quod
507 738 601 763 habeat
629 737 778 766 caritatem,
797 734 844 760 sed
863 734 914 759 suf-

279 786 345 815 ficit,
365 784 437 816 quod
456 783 487 808 sit
507 783 532 807 in
561 781 672 807 Ecclesia
698 780 749 805 515
769 779 802 804 53
821 792 862 797 -ν
875 777 913 802 Ad

278 828 467 855 absolventium
481 834 511 852 ex
524 826 610 851 officio
623 828 648 850 et
660 832 690 850 ex
704 824 796 849 merito
809 828 915 847 necesse

278 876 330 903 est,
349 872 420 905 quod
440 871 534 896 habeat
561 870 686 901 Spiritum
714 870 833 893 sanctum
853 865 913 892 ibid.

277 931 312 935 —-
332 923 378 948 per
397 915 548 940 exteriorem
577 912 797 945 dispensationem
825 912 915 935 Sacra-

280 961 359 987 menti
387 960 462 985 solvit
493 966 508 984 a
536 958 647 984 vinculis
675 958 842 988 peccatorum
871 954 914 979 Vll

280 1005 331 1030 345
350 1005 383 1030 32
402 1018 437 1023 -
457 1002 620 1028 Sacerdotale
645 1001 761 1026 officium
781 999 814 1024 ad
842 1005 914 1024 cura-

278 1049 373 1074 tionem
393 1050 559 1080 peccatorum
574 1049 612 1071 est
625 1044 799 1071 necessarium
818 1043 859 1068 121
879 1042 907 1067 31

330 1107 364 1110 —
383 1093 430 1117 Per
449 1091 623 1117 sacerdotium
653 1088 745 1115 ChriSti
765 1087 914 1113 reconcilia-

277 1144 336 1162 mur
356 1137 381 1162 in
401 1136 567 1167 adoptionem
588 1134 700 1159 filiorum
730 1140 744 1158 a
763 1136 829 1158 statu
850 1138 911 1163 pec-

277 1181 327 1206 cati
346 1181 388 1206 Vll
403 1180 435 1205 87
450 1181 483 1205 60
496 1193 531 1198 -
544 1179 660 1210 Dignitas
673 1177 839 1203 sacerdotalis
852 1175 914 1201 novi

278 1225 423 1251 testamenti
453 1231 506 1249 non
542 1227 640 1249 tantum
678 1225 763 1254 potest
793 1224 913 1246 curatum

277 1269 428 1301 ostendere,
448 1268 493 1294 sed
514 1268 592 1293 etiam
617 1273 709 1293 curare
738 1266 783 1291 121
818 1265 846 1290 31
879 1278 913 1282 -

278 1314 445 1345 spiritualiter
463 1312 615 1338 suscitatum
644 1310 741 1336 debent
759 1310 861 1335 solvere
881 1309 913 1333 Vl

278 1359 324 1383 591
351 1358 365 1383 4
384 1371 418 1376 -
437 1357 609 1383 sacerdotalis
637 1358 751 1387 potestas
769 1357 828 1379 ante
856 1360 914 1378 con-

279 1402 417 1428 sessionem
438 1402 523 1426 locum
544 1407 594 1426 non
608 1399 687 1425 habet
707 1398 756 1424 406
771 1398 804 1422 63
819 1411 852 1415 -
865 1398 913 1421 Per

278 1446 450 1471 ministerium
469 1444 612 1470 sacerdotis
636 1446 741 1468 curatur
760 1444 881 1474 peccator
900 1448 914 1466 a

278 1491 350 1522 lepra
369 1489 497 1522 spirituali
516 1489 559 1513 Vll
573 1488 624 1513 435
644 1488 677 1512 29
696 1500 731 1505 -
749 1485 916 1511 sacerdotalis

278 1537 393 1566 potestas
411 1533 572 1565 significatur
585 1539 632 1563 per
645 1531 750 1556 ianuam
765 1531 815 1555 128
835 1530 863 1554 61
881 1542 916 1548 —

280 1578 451 1603 Sacerdotalis
487 1576 620 1608 potestatis
650 1574 791 1600 auctoritas
821 1573 917 1599 residet

279 1629 360 1655 penes
379 1623 482 1647 Petrum
501 1620 563 1646 ibid.

331 1680 367 1685 —
385 1667 470 1697 legem
491 1665 535 1690 Dei
554 1664 689 1690 annuntiat
709 1664 749 1689 Vll
770 1663 815 1688 271
835 1663 868 1688 63
881 1676 916 1681 -

283 1711 430 1736 Sacerdotis
448 1713 486 1735 est
504 1710 588 1741 legem
610 1709 654 1733 Dei
674 1709 768 1733 docere
788 1711 813 1733 et
832 1708 916 1732 facere

283 1756 334 1781 269
354 1755 387 1780 55
406 1768 441 1773 -
461 1754 630 1779 sacerdotum
655 1756 710 1778 erat
729 1752 864 1784 potissime
882 1752 917 1776 le-

280 1806 340 1830 gem
361 1799 406 1824 Dei
425 1805 531 1824 servare
555 1802 580 1823 et
606 1798 716 1823 maxime
735 1797 822 1829 quoad
843 1796 916 1821 mise-

279 1843 419 1868 rico‘rdiam
445 1842 506 1869 ibid.
532 1856 566 1860 —
593 1842 708 1867 officium
736 1847 814 1866 suum
838 1839 917 1865 debet

279 1887 388 1918 implere
407 1887 519 1912 maxime
547 1886 664 1912 ordinate
685 1885 718 1910 15
739 1885 771 1909 13
790 1898 824 1903 -
843 1887 915 1909 recte

279 1934 367 1956 servat
385 1931 519 1960 ordinem,
538 1930 645 1963 quando
669 1936 743 1954 mens
762 1929 819 1953 eius
838 1928 917 1959 digne

278 1975 373 2000 assistit
399 1975 551 2006 conspectui
575 1974 664 1999 divino
687 1971 749 1998 ibid.
774 1986 808 1991 —
838 1972 916 1997 Recta

279 2022 318 2044 est
336 2019 499 2045 consuetudo
519 2018 544 2044 in
568 2017 732 2043 exsecutione
751 2016 917 2042 sacerdotalis

279 2063 370 2095 officii,
389 2063 411 2088 si
430 2070 482 2088 non
512 2062 696 2094 usurpatione,
721 2061 768 2087 sed
793 2060 917 2086 electione

279 2107 477 2133 administratur
496 2105 529 2132 ib.
550 2106 582 2131 14
603 2120 637 2124 —
655 2105 753 2131 debent
770 2112 785 2130 a
804 2105 858 2130 Deo
873 2105 916 2130 de-

279 2152 388 2183 signari,
407 2151 434 2176 id
453 2154 492 2176 est
510 2150 543 2176 ad
563 2151 690 2175 honorem
710 2150 809 2175 assumi
829 2150 879 2176 252
901 2151 916 2175 2

279 2210 314 2214 -
333 2195 429 2221 debent
447 2202 504 2220 csse
522 2195 616 2226 signati
630 2195 765 2227 signaculo
782 2194 879 2220 ordinis
892 2197 917 2219 et

280 2239 438 2265 characteris
465 2239 646 2270 sacerdotalis,
674 2239 809 2271 signaculo
829 2242 917 2264 tonsu-

280 2291 325 2309 rae
344 2287 369 2309 et
387 2284 466 2309 totius
485 2284 636 2315 disciplinae
663 2288 688 2309 et
711 2284 917 2309 conversationis

280 2328 458 2354 sanctissimae
477 2327 539 2354 ibid.

334 2386 368 2392 —-
387 2372 464 2398 debet
491 2380 548 2398 esse
575 2372 641 2398 sicut
665 2373 779 2404 Angelus
807 2373 839 2398 Vl
865 2373 916 2398 215

281 2424 305 2442 v.
327 2417 354 2441 11
377 2430 412 2435 -
430 2421 518 2442 sancte
536 2416 632 2442 debent
651 2417 799 2442 ministrare
819 2417 844 2442 in
859 2424 916 2442 san-

280 2461 379 2486 ctuario
399 2461 441 2486 Vll
462 2461 489 2486 41
515 2461 565 2485 132
591 2475 625 2478 ——
644 2461 725 2486 sancti
744 2468 802 2486 esse
821 2461 917 2487 debent

280 2505 305 2530 in
325 2505 396 2530 omni
424 2505 621 2530 conversatione
649 2504 709 2531 ibid.
728 2519 762 2524 --
782 2506 808 2530 ln
832 2512 917 2531 sacer-

281 2549 386 2574 dotibus
404 2548 482 2574 debet
494 2556 550 2574 esse
564 2556 659 2580 magna
674 2549 756 2581 pietas
768 2550 800 2575 ad
816 2550 916 2575 inssrma

282 2593 399 2618 membra
418 2593 510 2618 Christi
532 2593 581 2618 435
601 2594 633 2618 29

335 2651 370 2655 ——
397 2640 457 2662 sunt
484 2638 567 2662 coloni
595 2638 687 2663 vineae
718 2638 846 2664 Ecclesiae
874 2639 916 2664 Vll

283 2681 333 2706 504
355 2681 386 2706 12
406 2695 440 2699 ——
458 2681 554 2706 debent
573 2682 700 2706 coloniam
718 2683 846 2707 Ecclesiae
864 2683 918 2708 dili-

283 2725 433 2757 gentissime
451 2732 584 2756 exercere,
604 2726 664 2758 quia
690 2726 723 2751 ad
743 2728 792 2752 hoc
811 2727 918 2752 instituti

283 2773 344 2795 sunt
361 2768 422 2795 ibid.
448 2784 481 2787 —
507 2769 690 2795 Sacerdotibus
715 2774 814 2802 spectat
838 2772 919 2797 Eccle-

284 2814 348 2839 siam
378 2821 491 2845 purgare
521 2818 546 2839 et
574 2814 597 2839 in
626 2815 760 2840 sanctitate
788 2815 919 2841 custodire

286 2858 335 2882 499
355 2858 388 2882 72
417 2871 451 2877 —-·
475 2866 489 2882 a
513 2858 648 2884 sacerdote
675 2859 832 2891 requirenda
860 2863 920 2885 sunt

284 2902 454 2927 ecclesiastica
475 2904 638 2928 Sacramenta
668 2906 693 2928 et
712 2904 833 2935 mysteria
854 2905 921 2929 Scri-

285 2949 420 2978 pturarum
440 2947 490 2971 339
511 2947 543 2971 45
562 2961 596 2966 —
615 2951 796 2974 remuneratur
815 2955 863 2980 pro
877 2948 920 2974 bo-

285 2990 325 3015 nis
344 2990 459 3015 omnium
480 2991 529 3016 328
550 2991 584 3016 64

338 3048 371 3052 -
382 3034 497 3059 carnales
511 3035 594 3066 magis
607 3040 694 3061 amant
705 3037 835 3061 carnalem
849 3037 920 3069 quie-

287 3081 337 3102 tem
357 3080 382 3102 et
400 3078 533 3109 sanguinis
559 3079 748 3110 proximitatem
776 3088 856 3113 quam
877 3088 921 3113 po-

287 3122 408 3152 pulorum
428 3123 536 3147 salutem
557 3123 598 3147 Vll
628 3123 677 3148 458
698 3124 731 3149 28
751 3138 785 3143 -
813 3125 919 3150 Peccata

287 3172 457 3196 personarum
482 3166 728 3198 ecclesiasticarum,
755 3172 807 3193 tam
833 3176 920 3194 saecu-

287 3209 378 3234 larium
397 3217 475 3242 quam
495 3210 682 3243 religiosarum,
696 3215 839 3243 provocant
857 3213 921 3238 divi-

288 3259 347 3277 nam
368 3253 570 3285 indignationem
592 3255 637 3280 531
663 3255 695 3280 34
714 3269 749 3274 -
769 3257 920 3288 Exemplum

288 3297 430 3327 punitionis
457 3298 622 3324 sacerdotum
651 3300 717 3324 male
741 3300 921 3326 administran—

288 3340 353 3365 tium
372 3340 482 3366 habetur
505 3341 531 3366 in
557 3342 615 3367 Ozia
640 3346 665 3368 et
683 3342 749 3368 Core
770 3344 803 3368 15
827 3344 869 3369 14.
888 3345 921 3370 20

288 3383 331 3409 36.
351 3383 378 3409 41
404 3384 454 3410 132

1137 250 1251 282 INDEX
1276 250 1402 282 RERUM

1004 352 1039 356 —-
1057 338 1199 370 quinquies
1218 344 1245 363 se
1264 338 1341 362 vertit
1359 336 1383 362 in
1398 337 1472 362 Missa
1492 336 1525 362 ad
1545 343 1588 368 po·

952 382 1044 414 pulum
1072 382 1106 407 ad
1136 381 1383 407 commemorandas
1413 380 1589 412 apparitIones

952 425 1044 451 Christi
1065 428 1124 457 post
1142 425 1359 450 resurrectionem
1375 425 1416 450 Vll
1436 424 1487 450 598
1509 423 1542 449 45
1556 438 1588 442 --

952 470 978 494 in
998 470 1071 494 tertia
1091 469 1211 494 versione
1227 469 1285 494 facit
1297 469 1436 500 silentium,
1449 468 1510 500 quia
1522 468 1590 493 desi-

952 516 1016 545 gnat
1033 513 1223 545 apparitionem
1245 514 1337 538 tactam
1358 513 1432 538 Petro
1450 511 1513 538 ibid.

1005 558 1194 582 chnxuenwu
1213 571 1248 576 —
1267 557 1307 582 Ad
1326 560 1518 582 sacramentum
1532 562 1590 581 con-

951 604 1060 626 currunt
1079 600 1190 626 verbum
1210 605 1235 626 et
1252 602 1410 626 elementum
1429 600 1471 625 Vll
1493 600 1542 625 120
1556 600 1589 624 28

951 659 986 662 -
1005 645 1184 676 significantur
1204 652 1250 677 per
1268 648 1368 676 septem
1383 645 1519 669 columnas
1539 644 1590 669 128

952 689 980 713 61
1004 702 1039 708 -
1057 689 1212 714 effluxerunt
1230 689 1263 714 de
1282 689 1361 714 latere
1379 688 1473 714 Christi
1493 688 1524 713 Vl
1539 688 1584 712 501

952 733 996 758 52.
1015 733 1066 758 519
1086 733 1111 758 5.
1133 733 1173 758 Vll
1189 733 1239 758 122
1260 733 1293 758 37

1004 790 1039 796 -
1059 779 1085 802 ln
1105 777 1279 803 sacramentis
1291 780 1330 802 est
1344 777 1435 809 gratia,
1448 783 1517 810 quae
1529 783 1591 802 con-

952 822 1032 847 fertur
1053 822 1084 847 Vl
1114 821 1165 847 515
1185 822 1218 846 53
1237 835 1272 840 -
1291 822 1339 847 Per
1358 822 1525 846 Sacramenta
1545 821 1590 846 mi-

952 865 1066 890 rabiliter
1093 865 1122 891 fit
1145 866 1278 891 suscitatio
1307 872 1321 890 a
1350 868 1434 890 morte
1462 865 1591 897 spirituali

953 909 1003 934 440
1024 910 1055 934 23
1076 923 1111 928 -
1131 910 1177 935 Per
1196 910 1310 935 officium
1332 909 1491 934 sacramenti
1510 909 1538 934 fit
1550 916 1591 934 re-

952 953 1041 978 missio
1055 954 1147 985 eulpae
1161 953 1202 979 Vll
1219 954 1268 978 128
1283 954 1315 978 62
1333 968 1368 971 -
1386 953 1483 979 Collato
1502 954 1591 979 Sacra-

952 1000 1039 1022 mento
1060 998 1129 1023 Deus
1147 998 1254 1023 remittit
1273 998 1377 1029 culpam
1391 997 1423 1022 Vl
1437 996 1489 1023 514
1510 997 1590 1027 49,-

952 1041 977 1066 in
998 1042 1172 1067 sacramentis
1200 1042 1266 1067 fiunt
1294 1042 1440 1067 illinitiones
1468 1044 1493 1067 et
1518 1042 1591 1067 inun-

953 1085 1052 1110 ctiones
1070 1089 1191 1111 sanantes
1219 1086 1328 1111 vulnera
1357 1088 1526 1117 peccatorum
1546 1086 1589 1111 Vll

951 1129 998 1154 271
1023 1129 1056 1154 64

1003 1187 1039 1192 ——
1058 1175 1287 1199 sacramentorum
1308 1174 1468 1206 dispensatio
1487 1175 1515 1200 fit
1542 1181 1590 1206 per

951 1218 1112 1250 diligentiam
1132 1218 1310 1244 ministrorum
1331 1219 1371 1244 Vll
1393 1219 1443 1244 396
1464 1218 1496 1244 37

1004 1276 1038 1280 -
1070 1262 1118 1288 Per
1154 1263 1351 1288 Sacramentum
1386 1263 1590 1295 regenerationis

952 1306 1119 1332 ascendimus
1138 1307 1163 1332 in
1189 1307 1289 1332 caelum
1317 1308 1357 1333 Vll
1378 1308 1410 1332 83
1437 1308 1471 1333 52
1488 1321 1524 1327 -
1543 1308 1591 1333 Per

953 1351 1149 1376 Sacramentum
1169 1352 1372 1383 regenerationis
1391 1352 1591 1378 reconciliamur

953 1401 967 1419 a
999 1398 1066 1420 statu
1092 1395 1193 1427 peccati
1224 1388 1250 1420 in
1276 1396 1445 1427 adoptionem
1476 1396 1590 1421 filiorum

954 1438 986 1463 87
1007 1439 1040 1463 60

1007 1497 1040 1501 -
1059 1484 1149 1515 legalia
1169 1484 1203 1509 ad
1222 1484 1382 1516 spiritualem
1396 1484 1591 1510 observantiam

954 1528 1141 1553 transferuntur
1160 1528 1202 1553 Vll
1223 1528 1274 1553 546
1294 1528 1327 1554 24
1340 1543 1375 1547 ——-
1388 1529 1448 1561 agni
1462 1533 1590 1555 mutatum

955 1572 1002 1596 suit
1020 1572 1046 1596 in
1065 1572 1262 1598 Sacramentum
1282 1573 1358 1604 panis
1378 1572 1410 1599 ib.
1431 1574 1464 1599 25

1006 1629 1041 1634 -
1059 1616 1104 1641 Dei
1124 1620 1184 1642 sunt
1202 1624 1276 1642 sacra
1295 1621 1320 1643 et
1338 1621 1436 1643 secreta
1450 1618 1555 1643 consilia
1567 1621 1592 1643 et

954 1660 1138 1692 dispositiones
1166 1661 1197 1686 Vl
1228 1661 1278 1687 124
1298 1669 1324 1687 ν.
1349 1663 1381 1687 22
1407 1676 1440 1680 -
1469 1662 1514 1687 Dei
1540 1669 1591 1687 non

953 1704 1077 1729 omnibus
1105 1708 1165 1730 sunt
1193 1706 1335 1736 aperienda
1362 1707 1404 1731 Vll
1433 1706 1483 1732 214
1504 1707 1537 1731 90
1557 1720 1592 1725 -

953 1748 999 1773 Dei
1018 1749 1189 1774 tentatoribus
1208 1749 1304 1775 debent
1323 1750 1458 1781 abscondi,
1472 1750 1592 1776 amatori-

954 1792 1004 1818 bus
1022 1793 1120 1818 debent
1137 1794 1247 1819 revelari
1269 1794 1299 1819 Vl
1321 1794 1371 1819 150
1392 1802 1417 1820 v.
1437 1794 1470 1820 24
1489 1808 1525 1813 -
1548 1795 1591 1819 Dei

953 1836 1138 1863 abscondenda
1155 1841 1215 1863 sunt
1228 1837 1350 1870 superbis
1362 1838 1532 1870 sapientibus,
1545 1839 1593 1864 sed

953 1881 1093 1906 revelanda
1114 1882 1230 1913 parvulis
1249 1882 1392 1908 humilibus
1410 1882 1472 1908 ibid.
1485 1897 1520 1902 —
1534 1883 1593 1915 Qui-

954 1924 1016 1950 libet
1033 1925 1113 1950 debet
1125 1932 1182 1951 esse
1195 1933 1297 1952 memor
1308 1930 1533 1952 sacramentorum
1546 1927 1592 1952 Dei

954 1969 987 1994 ad
1007 1969 1167 1995 credendum
1187 1973 1212 1995 et
1230 1970 1409 1996 confitendum
1430 1971 1473 1996 Vll
1493 1971 1591 1996 36114

1007 2026 1041 2031 -
1061 2014 1227 2040 humanitatis
1245 2014 1423 2046 significantur
1441 2021 1488 2047 per
1507 2015 1593 2040 lintea-

954 2058 1023 2083 mina
1043 2058 1127 2090 posita
1146 2058 1172 2084 in
1186 2059 1307 2090 sepulcro
1320 2059 1415 2085 Christi
1428 2060 1471 2085 Vll
1491 2060 1537 2085 591
1559 2060 1590 2085 16

953 2117 988 2120 -
1007 2103 1175 2129 humanitatis
1194 2102 1269 2129 nobis
1288 2105 1404 2136 exposita
1418 2104 1524 2130 suntad
1537 2111 1593 2130 cre-

954 2147 1069 2173 dendum
1089 2150 1114 2173 et
1127 2148 1325 2180 intelligendum
1340 2155 1387 2180 per
1399 2151 1591 2174 sacramentum

953 2192 1149 2218 resurrectionis
1184 2191 1245 2218 ibid.
1276 2206 1312 2212 —
1343 2193 1511 2219 humanitatis
1541 2201 1593 2219 non

954 2239 1064 2268 possunt
1094 2237 1281 2268 comprehendi
1317 2238 1417 2263 ratione
1447 2238 1593 2264 Divinitatis

955 2281 1041 2306 unitae
1060 2280 1121 2307 ibid.

995 2339 996 2342 =
1008 2326 1167 2352 &enimcum
1186 2341 1221 2344 —
1234 2327 1370 2358 sanguinis
1383 2326 1477 2353 Christi
1490 2331 1529 2353 est
1541 2328 1593 2359 pia-

954 2370 1068 2395 cativum
1089 2370 1131 2396 Vll
1151 2370 1202 2396 548
1223 2372 1256 2396 29
1275 2385 1310 2390 -
1329 2371 1415 2397 omnia
1444 2372 1540 2397 veteris
1559 2375 1592 2397 te-

953 2414 1073 2439 stamenti
1102 2414 1285 2446 significabant
1315 2416 1472 2441 sacrificium
1504 2416 1590 2441 crucis

954 2458 1005 2483 385
1030 2459 1053 2483 11
1078 2472 1113 2478 -
1132 2460 1159 2484 ln
1178 2460 1312 2485 sacrificiis
1331 2461 1427 2486 veteris
1447 2461 1592 2486 testamenti

953 2505 1008 2528 erat
1026 2504 1089 2528 hora
1109 2507 1169 2535 apta
1189 2505 1222 2529 ad
1236 2505 1379 2530 orationem
1395 2505 1427 2530 15
1442 2506 1475 2530 15
1494 2519 1528 2523 -
1548 2512 1590 2530 va-

954 2547 990 2572 ria
1011 2554 1025 2572 a
1044 2547 1146 2573 Christo
1166 2548 1272 2574 reducta
1292 2552 1353 2574 sunt
1372 2549 1404 2574 ad
1423 2549 1546 2574 unitatem
1562 2550 1592 2574 Vl

955 2592 1005 2616 270
1028 2593 1059 2617 12

1007 2650 1042 2654 -
1061 2637 1099 2661 Ad
1120 2644 1212 2662 verum
1233 2638 1388 2663 sacrificium
1416 2638 1469 2663 Deo
1488 2639 1593 2664 offeren-

955 2680 1019 2705 dum
1051 2685 1090 2706 est
1121 2681 1282 2707 necessarius
1312 2682 1450 2707 comitatus
1481 2685 1593 2715 quatuor

956 2725 1081 2750 virtutum
1096 2725 1265 2751 cardinalium
1280 2726 1323 2751 Vll
1337 2726 1370 2751 64
1391 2727 1423 2751 89
1442 2740 1478 2745 -
1491 2727 1594 2758 placent

956 2768 1010 2794 Deo
1030 2772 1137 2801 propter
1156 2769 1331 2795 conditionem
1351 2770 1438 2795 cordis
1457 2771 1556 2796 111560
1578 2771 1587 2795 1

1010 2827 1044 2832 -
1064 2814 1090 2838 ln
1103 2814 1237 2839 sacrificiis
1249 2814 1409 2839 daemonum
1424 2815 1533 2846 gentiles
1546 2815 1594 2840 im-

957 2857 1088 2883 molabant
1107 2858 1173 2883 filios
1191 2865 1253 2883 suos
1272 2865 1332 2883 cum
1353 2859 1432 2883 multa
1451 2858 1592 2885 devotione

958 2902 989 2927 Vl
1011 2902 1061 2927 185
1081 2910 1107 2927 v,
1128 2902 1142 2927 4

1011 2947 1151 2972 ΞΛυυιῑεΛει
1170 2961 1205 2966 -
1224 2947 1307 2972 solum
1334 2948 1537 2973 Pentateuchum
1557 2954 1595 2972 re-

957 2990 1088 3022 cipiebant
1107 2991 1149 3016 Vll
1177 2991 1228 3016 515
1253 2990 1285 3016 44
1305 3005 1337 3009 -
1363 2995 1514 3023 proponunt
1543 2995 1594 3017 tan-

957 3042 1036 3068 quam
1048 3035 1222 3060 authenticam
1233 3035 1389 3066 scripturam
1401 3035 1480 3066 Moysi
1495 3035 1546 3060 513
1561 3036 1593 3060 36

1009 3093 1044 3098 -
1073 3087 1123 3105 nou
1152 3079 1323 3105 admittebant
1350 3080 1479 3111 Angelum
1508 3086 1594 3112 neque

957 3124 1077 3155 spiritum
1099 3124 1130 3149 Vl
1152 3123 1203 3148 419
1224 3123 1255 3148 43
1286 3137 1319 3141 —-
1339 3123 1482 3149 credebant
1501 3126 1594 3149 morta-

958 3168 1055 3193 litatem
1075 3168 1222 3193 animarum
1241 3171 1267 3192 et
1286 3167 1526 3199 irreparabilitatem
1540 3174 1594 3192 cor·

959 3219 1052 3243 porum
1074 3212 1114 3237 Vll
1144 3212 1195 3237 512
1224 3212 1266 3237 35.
1286 3211 1337 3236 515
1357 3211 1389 3236 44
1411 3225 1443 3229 --
1463 3211 1595 3243 negabant

958 3255 1176 3281 resurrectionem
1202 3255 1253 3280 512
1282 3255 1325 3281 35.
1350 3255 1402 3280 514
1422 3256 1454 3280 39
1473 3269 1508 3274 -
1527 3262 1594 3281 erra-

958 3299 1021 3325 bant
1039 3300 1108 3325 circa
1136 3299 1352 3325 resurrectionem
1381 3303 1488 3331 propter
1507 3306 1594 3325 carna·

959 3345 1009 3369 lem
1038 3344 1193 3369 intellectum
1225 3343 1365 3375 spiritualis
1393 3343 1542 3376 Scripturae
1570 3347 1595 3369 et

959 3388 1099 3419 spiritualis
1118 3388 1216 3418 gloriae
1235 3387 1285 3412 514
1307 3387 1339 3412 39

1920 292 1979 317 SAL

1678 348 1713 354 —-
1738 334 1908 362 destruebant
1936 335 2135 360 fundamentum
2161 335 2265 361 divinae

1625 379 1742 404 culturae
1762 379 1803 404 Vll
1823 379 1874 404 512
1894 379 1928 404 35
1946 392 1981 398 -
2005 386 2058 404 non
2085 379 2266 411 intelligebant

1626 422 1787 448 nobilitatem
1812 423 1919 454 spiritus
1947 422 2078 449 rationalis
2104 423 2155 448 514
2176 424 2209 449 39
2232 438 2266 442 -

1626 473 1679 491 non
1699 466 1831 492 habebant
1849 467 2004 492 intellectum
2025 467 2174 499 Scripturae
2193 468 2267 500 spiri-

1627 510 1702 535 tualis
1721 509 1782 535 ibid.
1801 524 1836 529 —
1856 517 1906 536 non
1933 510 2127 542 cognoscebant
2152 515 2265 543 potesta-

1628 558 1679 580 tem
1699 554 1744 579 Dei
1764 553 1826 580 ibid.

1681 612 1716 616 -—
1736 597 1870 623 tentabant
1894 598 2024 624 Christum
2051 599 2223 631 proponendo
2242 600 2265 625 ei

1627 642 1809 675 quaestionem
1829 643 1862 668 de
1881 643 2069 668 resurrectione
2085 635 2121 669 'Vl
2142 644 2191 669 112
2206 651 2232 670 v.
2250 645 2265 669 2

1628 701 1663 704 —
1690 693 1744 712 non
1773 686 1970 719 interrogabant
1997 687 2084 713 studio
2102 688 2265 719 addiscendi,

1628 731 1675 757 sed
1694 730 1816 756 vincendi
1835 734 1861 756 et
1879 731 2021 762 superandi
2040 731 2083 757 Vll
2103 732 2154 757 516
2175 732 2207 757 46

1683 776 1815 801 ΞΑΕσυιυΜ
1826 789 1860 794 -
1874 775 1923 801 Pro
1936 775 2088 801 dimissione
2101 776 2196 802 saeculi
2210 783 2269 808 pro-

1628 819 1737 845 mittitur
1757 820 1894 845 thesaurus
1918 819 2034 845 caelestis
2052 819 2205 846 indeficiens
2225 821 2267 846 Vll

1629 863 1679 889 323
1701 863 1733 888 46

1682 908 1791 933 SAGlTTA
1811 921 1847 926 -
1865 908 1933 933 nulia
1952 908 1992 933 sui
2017 907 2139 941 relinquit
2157 909 2268 941 vestigia

1629 952 1661 977 Vl
1683 951 1727 977 141
1752 959 1778 977 v.
1799 953 1832 977 12

1681 997 1728 1021 SAL
1753 1010 1789 1015 —
1816 997 1946 1028 significat
1974 997 2128 1029 sapientiam
2157 998 2189 1024 Vl
2218 998 2268 1024 173

1628 1048 1653 1065 ν.
1673 1040 1689 1065 7
1709 1054 1744 1059 -
1764 1041 1790 1066 ln
1809 1041 1862 1066 sale
1881 1044 1985 1066 notatur
2002 1042 2151 1068 amaritudo
2171 1049 2268 1068 remor-

1627 1091 1672 1110 sus
1691 1085 1865 1110 conscientiae
1885 1085 1935 1110 569
1963 1086 1979 1111 5
2003 1099 2038 1104 -
2058 1086 2105 1111 Per
2123 1086 2160 1111 sal
2181 1086 2268 1112 intelli-

1628 1129 1698 1160 gitur
1718 1130 1849 1161 periectus
1868 1129 2013 1161 discipulus
2038 1130 2134 1156 Christi
2152 1130 2195 1156 Vll
2216 1131 2267 1156 380

1628 1173 1661 1198 67
1680 1187 1716 1192 -
1734 1173 1891 1199 offerebatur
1904 1174 1929 1199 in
1942 1174 2014 1199 omni
2027 1174 2154 1200 sacrificio
2168 1175 2214 1200 381
2234 1174 2268 1200 67

1681 1218 1758 1243 Simu
1776 1231 1811 1237 -—
1830 1218 1878 1243 fuit
1896 1221 2011 1244 castrum
2030 1218 2217 1244 Melchisedech
2237 1219 2269 1244 Vi

1630 1262 1681 1287 285
1702 1261 1730 1287 41

1681 1306 1771 1331 ΞΑιινΑ
1790 1319 1825 1325 ——
1844 1313 1912 1339 quae
1931 1313 1960 1332 ex
1975 1313 2020 1332 ore
2033 1306 2151 1338 procedit
2164 1309 2190 1332 et
2202 1307 2269 1333 salsa

1628 1352 1678 1382 est,
1698 1350 1827 1381 significat
1845 1350 1890 1376 Dei
1910 1351 2065 1382 sapientiam
2086 1351 2118 1376 Vl
2139 1350 2189 1377 373
2210 1352 2225 1376 8

1681 1395 1796 1419 ΞΑιοΜοΝ
1815 1409 1850 1412 -
1869 1401 1883 1419 3
1905 1395 1958 1420 Deo
1977 1398 2087 1421 vocatus
2105 1398 2144 1421 est
2172 1395 2268 1421 amabi-

1628 1438 1658 1464 lis
1677 1438 1789 1464 Domino
1809 1439 1851 1464 Vll
1872 1439 1905 1464 36
1927 1439 1977 1464 110
1991 1453 2026 1458 -
2039 1439 2106 1470 Vas,
2125 1446 2179 1472 quo
2198 1439 2269 1465 inun-

1629 1486 1685 1508 ctus
1711 1484 1758 1509 suit
1786 1483 1918 1514 Salomon,
1939 1484 1988 1509 suit
2010 1490 2091 1510 cornu
2112 1484 2144 1509 39
2166 1483 2216 1509 124
2235 1498 2269 1503 ——

1628 1528 1796 1559 Divulgatum
1815 1531 1854 1553 est
1872 1528 1928 1553 eius
1947 1535 2043 1554 nomen
2055 1528 2155 1554 ratione
2167 1528 2268 1560 sapien-

1629 1572 1680 1597 tiae
1700 1572 1750 1597 107
1769 1572 1803 1597 78

1682 1631 1717 1634 ——
1736 1617 1783 1642 suit
1802 1617 1940 1643 trinomius
1965 1617 2111 1643 secundum
2140 1617 2267 1649 triplicem

1628 1661 1801 1694 scripturam,
1820 1669 1901 1694 quam
1926 1661 2008 1687 edidit
2037 1662 2070 1687 Vl
2099 1662 2132 1687 10
2151 1669 2177 1694 q.
2197 1662 2212 1687 3
2232 1675 2268 1681 -

1628 1706 1714 1731 dictus
1731 1709 1770 1731 est
1789 1706 1866 1731 etiam
1886 1706 2051 1732 Ecclesiastes
2070 1709 2096 1731 et
2114 1706 2186 1732 idida
2205 1705 2267 1732 ibid.

1628 1764 1663 1768 —-
1680 1753 1789 1776 vocatus
1809 1753 1848 1776 est
1873 1751 2012 1782 pacificus,
2037 1751 2097 1783 quia
2124 1753 2208 1776 totum
2232 1757 2270 1775 re-

1628 1802 1710 1826 gnum
1730 1795 1755 1820 in
1781 1801 1846 1826 pace
1874 1795 1992 1827 possedit
2016 1794 2079 1821 ibid.
2096 1808 2132 1813 -—
2151 1797 2206 1820 erat
2224 1801 2268 1820 rex

1629 1839 1754 1870 pacificus
1775 1840 1806 1864 18
1826 1846 1853 1864 v.
1885 1840 1924 1864 12.
1955 1840 2005 1864 168
2025 1846 2051 1864 v.
2072 1840 2087 1864 8
2105 1852 2141 1858 —
2161 1839 2208 1864 suit
2226 1845 2270 1870 pa-

1629 1883 1719 1908 cificus
1738 1883 1772 1908 ad
1795 1886 1908 1915 tempus,
1932 1884 2036 1915 sapiens
2064 1886 2090 1909 et
2114 1883 2216 1909 [aciens
2234 1883 2271 1908 iu-

1630 1927 1725 1952 stitiam
1746 1927 1788 1952 Vll
1809 1927 1859 1952 299
1880 1928 1914 1952 67

1684 1984 1717 1988 -
1736 1970 1828 1996 habuit
1847 1971 2008 2002 diligentiam
2028 1971 2061 1997 ad
2089 1972 2178 1997 omnia
2202 1971 2270 1997 dele-

1629 2014 1732 2040 ctabilia
1751 2015 1948 2047 praeparanda,
1977 2016 2119 2047 potentiam
2149 2015 2184 2041 ad
2211 2023 2270 2041 con-

1628 2059 1832 2092 summandum,
1851 2059 2007 2091 sapientiam
2027 2060 2060 2085 ad
2079 2060 2268 2092 ordinandum,

1628 2104 1790 2136 voluptatem
1809 2104 1843 2129 ad
1862 2104 2051 2136 perfruendum
2071 2104 2104 2130 Vi
2117 2105 2150 2130 22
2166 2112 2191 2130 v.
2204 2105 2220 2130 8
2234 2118 2269 2124 -

1631 2163 1661 2167 -
1682 2155 1779 2180 magna
1799 2149 1859 2174 iecit
1876 2155 1957 2181 opera
1977 2149 2005 2174 21
2030 2156 2056 2174 v.
2077 2149 2092 2174 4
2111 2164 2145 2168 -
2159 2149 2269 2176 excessit

1629 2192 1726 2225 opibus
1751 2200 1844 2219 omnes
1872 2200 1949 2225 reges
1977 2194 2010 2219 22
2039 2201 2065 2218 v.
2092 2194 2107 2219 9
2126 2207 2162 2213 —
2180 2194 2270 2220 Nullus

1629 2241 1689 2264 ante
1707 2238 1873 2263 Salomonem
1893 2238 1940 2263 fuit
1958 2238 1981 2263 ei
2010 2238 2101 2264 similis
2119 2238 2216 2270 opibus
2236 2238 2269 2264 23

1629 2289 1656 2314 q.
1676 2283 1691 2307 2
1711 2297 1745 2300 -
1765 2281 1862 2308 Omnes
1881 2289 1958 2314 reges
1977 2289 2025 2314 per
2053 2282 2192 2308 circuitum
2211 2283 2271 2308 sacti

1630 2329 1691 2352 sunt
1709 2326 1837 2352 tributarii
1859 2326 1991 2352 Salomoni
2012 2326 2063 2352 164
2082 2334 2109 2352 v.
2130 2327 2163 2352 15

1685 2385 1718 2389 --
1739 2371 1786 2396 Per
1814 2377 1858 2396 sex
1886 2370 1986 2402 gradus
2014 2370 2205 2397 ascendebatur
2237 2371 2271 2397 ad

1630 2416 1752 2440 thronum
1774 2415 1919 2440 Salomonis
1938 2414 1980 2441 Vll
2003 2415 2053 2440 474
2072 2415 2089 2440 7

1683 2474 1717 2477 -
1738 2459 1784 2484 suit
1803 2460 1907 2491 electus,
1928 2463 1956 2485 ut
1974 2460 2101 2492 templum
2120 2460 2271 2491 aedificaret

1632 2504 1663 2529 Vl
1684 2504 1734 2529 168
1762 2511 1790 2529 v.
1816 2504 1830 2528 8
1859 2518 1894 2522 --
1923 2503 2015 2529 habuit
2042 2508 2094 2530 tres
2113 2505 2200 2530 hostes
2220 2504 2271 2529 175

1630 2556 1656 2574 ν.
1686 2547 1718 2573 14
1747 2561 1781 2566 -
1810 2547 1902 2574 habuit
1931 2548 2055 2574 heredem
2088 2547 2207 2574 Roboam
2237 2549 2270 2574 26

1630 2599 1657 2618 ν.
1678 2592 1709 2617 19

1682 2649 1717 2655 —·
1736 2639 1775 2662 est
1793 2643 1871 2662 causa
1892 2637 2007 2662 efficiens
2034 2637 2094 2663 libri
2122 2636 2270 2669 Sapientiae

1631 2687 1677 2712 per
1697 2680 1806 2705 modum
1827 2680 1982 2706 invenientis
2002 2681 2034 2706 Vl
2055 2682 2105 2706 108
2126 2688 2150 2706 v.
2166 2681 2181 2705 6
2194 2680 2270 2705 —in

1631 2724 1696 2750 libro
1716 2724 1884 2750 Ecclesiastae
1903 2725 2074 2751 introducitur
2094 2729 2122 2750 ut
2141 2726 2221 2750 homo
2234 2724 2271 2750 di-

1631 2775 1705 2794 versa
1727 2772 1848 2800 expertus
1869 2769 1900 2793 10
1929 2776 1954 2802 q.
1976 2770 1985 2794 1
2010 2783 2045 2789 —-
2064 2769 2178 2802 loquitur
2198 2769 2222 2794 in
2242 2769 2271 2794 li-

1631 2812 1679 2838 bro
1699 2813 1868 2838 Ecclesiastae
1896 2813 1930 2838 de
1957 2820 1986 2839 se
2013 2814 2090 2847 quasi
2113 2814 2146 2839 de
2165 2813 2216 2838 alio
2238 2813 2264 2837 11

1631 2864 1656 2882 v.
1676 2858 1691 2882 2

1683 2915 1718 2919 -
1737 2901 1841 2933 scripsit
1865 2901 1961 2927 librum
1986 2901 2156 2927 Ecclesiastae
2181 2900 2269 2933 poeni-

1632 2946 1737 2971 tentiam
1757 2952 1839 2977 agens
1868 2946 1899 2972 Vl
1924 2947 1938 2971 8
1959 2954 1985 2979 q.
2006 2946 2030 2972 4.
2054 2947 2085 2971 10
2105 2953 2130 2979 q.
2152 2945 2166 2971 4
2186 2959 2221 2964 —
2245 2945 2270 2970 in

1631 2989 1697 3015 libro
1717 2990 1885 3016 Ecclesiastae
1908 2997 1936 3016 se
1964 2990 2082 3016 humiliat
2101 2991 2133 3015 10
2152 2997 2178 3022 q.
2200 2989 2214 3014 4
2234 3002 2269 3008 —

1631 3034 1657 3059 in
1676 3033 1742 3059 libro
1761 3033 1963 3060 Proverbiorum
1983 3035 2097 3067 loquitur
2116 3038 2144 3060 ut
2163 3033 2268 3066 sapiens

1630 3078 1664 3104 ad
1682 3078 1840 3110 discipulum
1861 3079 1875 3104 9
1894 3086 1922 3111 q.
1943 3079 1951 3104 1
1970 3093 2003 3097 —-
2017 3079 2043 3105 in
2057 3078 2205 3104 Proverbiis
2218 3084 2270 3103 non

1631 3122 1784 3149 denominat
1802 3130 1830 3148 se
1849 3122 1882 3148 ab
1901 3123 1960 3155 aiio,
1979 3123 2061 3148 immo
2075 3123 2222 3149 manifestat
2236 3125 2270 3147 to·

1631 3167 1682 3192 tius
1701 3167 1776 3199 regni
1794 3167 1834 3193 sui
1854 3167 1996 3199 potentiam
2016 3167 2049 3192 Vl
2064 3167 2096 3192 10
2116 3174 2142 3199 q.
2162 3166 2177 3191 4

1684 3225 1719 3229 -—
1738 3211 1831 3243 spiritu
1851 3211 1993 3243 sapientiae
2019 3211 2066 3236 ruit
2091 3211 2214 3242 impletus
2234 3209 2266 3235 Vl

1632 3256 1646 3279 8
1666 3263 1691 3288 q.
1713 3255 1727 3280 4
1748 3255 1785 3281 2‘.
1805 3256 1837 3280 63
1858 3262 1883 3288 q.
1905 3255 1914 3280 1
1933 3269 1968 3272 -
1987 3255 2128 3286 sapientior
2141 3257 2197 3279 erat
2210 3261 2270 3279 cun-

1632 3300 1679 3325 ctis
1698 3299 1848 3325 hominibus
1868 3299 1900 3324 19
1921 3306 1945 3323 ν.
1967 3299 2009 3324 16.
2029 3299 2061 3324 23
2076 3306 2101 3324 ν.
2122 3299 2146 3323 9.
2166 3298 2200 3323 97
2213 3305 2238 3323 v.
2252 3298 2268 3322 9

1631 3357 1666 3363 -—
1695 3341 1827 3369 Salomoni
1855 3343 1955 3368 donum
1981 3342 2122 3374 sapientiae
2147 3341 2268 3367 commis·

1631 3395 1689 3414 sum
1710 3392 1764 3414 erat
1782 3387 1968 3419 specialissime
1988 3386 2053 3412 inter
2065 3387 2129 3412 alios
2142 3387 2156 3411 8
2171 3393 2197 3418 q.
2211 3384 2226 3410 4
2242 3383 2269 3409 t·
