2427 3872
276 253 339 285 834

556 293 615 317 SAP

274 338 448 365 conscendere
477 344 537 361 eum
567 336 611 368 qui
632 335 663 360 ad
684 333 837 365 sapieutIam
857 332 912 357 vult

274 383 411 416 pervenire
432 381 482 406 474
501 381 517 405 7
537 394 571 398 -
590 380 663 404 Mane
682 384 791 409 surgere
809 377 912 408 oportet

274 428 307 453 ad
327 426 441 452 studium
461 424 603 456 sapientiae
623 422 673 447 540
695 422 727 445 60

327 485 362 489 -
381 469 527 501 Sapientiae
544 466 739 493 adhaerendum
754 468 791 490 est
805 466 912 496 propter

274 522 348 540 5113111
369 515 521 545 potestatem
540 512 572 536 Vl
594 511 626 535 65
646 517 671 534 v.
687 510 701 534 3
716 522 750 527 -
765 507 912 539 Sapientiae

274 557 468 584 adhaerendum
484 558 522 581 est
535 557 641 586 propter
651 556 765 578 nestram
778 551 911 577 utilitatem

274 602 308 628 ib.
327 609 353 626 v.
374 601 388 625 5
407 614 442 619 -
462 598 608 631 Sapientiae
621 596 817 623 adhaerendum
831 598 870 620 est
882 601 913 619 ex

275 645 440 679 quadruplici
455 643 661 669 consideratione
675 641 708 666 64
723 648 748 665 v.
763 640 794 665 30
809 654 843 657 —
857 638 913 663 red-

275 691 312 715 dit
331 689 444 715 nobilem
465 691 489 713 et
509 687 651 719 gloriosum
678 688 703 710 et
728 686 854 717 quantum
880 682 912 707 ad

276 737 409 766 aspectum
430 736 455 757 et
474 734 602 764 quantum
621 730 655 755 ad
674 728 787 759 yerbum
804 726 866 753 ibid.
879 740 914 744 —

275 778 386 804 hominis
400 777 495 802 relucet
509 776 534 800 in
548 775 620 800 vultu
634 774 690 799 eius
704 772 736 798 ib.
750 779 777 797 v.
791 772 800 796 1
821 785 853 789 —-
866 771 914 795 Per

275 822 428 854 sapientiam
458 820 562 852 sapiens
590 822 629 843 est
656 816 805 849 spectabilis
836 815 914 840 etiam

275 870 402 899 quantum
428 865 460 890 ad
486 863 598 889 verbum
625 863 658 888 65
684 869 710 886 v.
737 862 752 886 2
771 874 806 879 —
825 860 915 892 Aquae

276 910 417 943 sapientiae
445 908 564 933 salutaris
593 906 778 937 multiplicatae
806 904 916 929 exaltant

275 955 418 986 sapientem
448 952 493 978 241
529 952 543 976 4
572 966 607 969 —
635 949 745 975 Habitus
773 947 915 979 sapientiae

275 999 344 1024 nullo
365 998 443 1023 modo
462 999 548 1028 potest
567 1002 624 1020 esse
642 993 739 1019 nimius
758 994 786 1018 61
811 999 837 1024 q.
851 992 866 1016 2
881 1005 913 1010 -

275 1043 373 1068 Lumen
393 1041 534 1073 sapientiae
554 1040 639 1072 primo
658 1041 697 1064 est
715 1036 914 1063 diffundendum

277 1087 302 1112 in
322 1087 465 1118 praelatos,
485 1084 580 1110 deinde
599 1084 623 1108 in
650 1089 741 1108 eorum
769 1081 914 1111 ministros,

277 1131 351 1156 tertio
371 1131 395 1154 in
414 1129 535 1154 subditos
556 1128 605 1152 109
624 1128 639 1152 9

332 1188 363 1192 -
379 1174 487 1206 Sapiens
501 1175 608 1204 propter
622 1171 804 1197 discretionem
819 1170 844 1195 in
859 1176 915 1194 ver-

277 1218 317 1244 bis
335 1218 390 1244 suis
409 1218 520 1250 acquirit
545 1216 654 1248 gratiam
676 1215 708 1240 Vl
729 1215 761 1240 84
782 1222 808 1239 v.
830 1215 860 1239 12
880 1227 915 1232 -

277 1264 388 1295 Spiritus
408 1261 549 1293 sapientiae
569 1264 607 1286 est
626 1260 756 1291 benignus
784 1259 833 1283 113
853 1265 879 1283 v.
900 1258 915 1282 6

276 1322 311 1326 ——
325 1307 434 1338 Sapiens
448 1307 472 1331 111
486 1305 615 1338 praesenti
628 1304 730 1336 quaerit
742 1303 869 1328 tristitiam
881 1302 914 1327 55

278 1360 302 1376 v.
318 1352 333 1377 5
346 1365 380 1370 —
395 1351 503 1382 Sapiens
517 1357 568 1375 non
582 1348 661 1374 debet
676 1348 720 1374 diu
733 1354 839 1373 servare
850 1347 913 1372 iram

277 1396 310 1421 57
324 1403 349 1420 v.
369 1396 397 1420 10
411 1409 445 1413 —
459 1394 627 1420 Conversatio
647 1392 789 1424 sapientiae
807 1399 859 1417 non
874 1393 915 1416 ha-

278 1439 321 1465 bet
334 1439 535 1464 amaritudinem
550 1437 683 1463 exterioris
698 1436 850 1461 turbationis
865 1435 915 1460 164

279 1493 303 1510 v.
324 1485 355 1509 16
377 1498 409 1502 —
435 1483 575 1508 Convictus
600 1482 741 1514 sapientiae
766 1488 818 1506 non
843 1480 917 1505 affert

278 1529 392 1554 taedium
418 1527 563 1553 afflictionis
587 1525 650 1552 ibid.
668 1539 703 1544 —
723 1525 831 1557 Sapiens
854 1528 916 1549 tem-

277 1580 328 1605 pus
347 1576 526 1604 opportunum
546 1570 737 1596 considerando
763 1569 830 1595 bene
857 1568 916 1594 tacit

279 1618 312 1642 65
333 1625 357 1642 r.
378 1617 392 1641 6
412 1630 446 1635 -
466 1616 575 1647 Sapiens
594 1615 740 1640 considerat
764 1613 916 1646 opportuni-

279 1664 356 1686 tatem
371 1661 496 1691 temporis
510 1660 535 1685 in
549 1659 602 1684 suis
616 1658 740 1690 operibus
760 1658 793 1684 ib.
813 1666 839 1683 v.
853 1658 868 1683 5
882 1672 916 1676 —

280 1706 363 1731 Homo
377 1705 515 1737 praeterita
529 1704 576 1729 scit
589 1704 643 1735 ipsa
657 1703 781 1734 sapientia
797 1703 847 1727 162
860 1709 886 1727 v.
901 1703 915 1727 8

334 1763 368 1768 -
385 1750 463 1774 Actus
477 1748 619 1780 sapientiae
632 1751 670 1772 est
683 1748 788 1779 triplex:
803 1751 917 1778 gustare,

281 1800 440 1825 cognoscere
463 1796 488 1818 ct
506 1792 615 1818 scrutari
634 1792 667 1816 vt
688 1792 716 1816 61
741 1799 765 1823 q.
787 1792 802 1816 2
822 1805 856 1809 --
877 1791 919 1815 Sa-

281 1838 393 1869 pientiae
414 1838 512 1862 sructus
531 1840 569 1862 est
587 1836 797 1868 speciosissimus
816 1835 849 1860 ad
863 1841 919 1866 spe-

280 1882 436 1911 culandum,
456 1880 675 1911 fragrantissimus
692 1879 724 1904 ad
738 1879 918 1909 odorandum,

281 1926 462 1957 sapidissimus
476 1925 508 1950 ad
523 1924 681 1955 gustandum
691 1943 697 1954 ‚
715 1922 919 1955 pretiosissimus

281 1970 313 1994 ad
333 1969 521 2001 possidendum
542 1971 567 1993 et
585 1968 759 1999 sempiternus
778 1967 812 1992 ad
825 1966 919 1998 perdu-

280 2014 391 2038 randum
412 2013 453 2037 Vll
475 2012 519 2038 341
545 2013 578 2037 20
598 2026 632 2030 -
651 2018 745 2043 sponsa
771 2014 880 2036 vocatur
903 2018 917 2036 a

280 2058 418 2082 Salomone
436 2057 535 2082 ratione
554 2056 664 2088 amoris,
679 2055 871 2086 delectationis,
884 2055 919 2080 111-

280 2101 492 2133 separabilitatis,
513 2101 686 2132 generationis
706 2100 738 2125 Vl
760 2100 809 2125 160
829 2107 855 2125 v.
876 2101 891 2124 2

332 2160 367 2164 -
385 2146 457 2177 Opus
476 2145 600 2177 sapientis
618 2148 656 2170 est
675 2146 808 2170 confutare
828 2144 918 2169 adver-

279 2191 360 2215 sarios
379 2194 403 2215 ct
423 2190 588 2215 manifestare
602 2189 746 2214 doctrinam
763 2189 795 2214 Vl
810 2188 862 2214 345
876 2189 918 2214 27.

281 2236 322 2260 Vll
343 2235 375 2258 88
400 2236 406 2259 1
430 2248 464 2253 —
484 2234 585 2259 instruit
604 2233 816 2264 intelligentiam,
842 2233 919 2258 corri-

282 2279 318 2310 git
344 2279 462 2310 culpam,
482 2281 555 2303 sanat
574 2281 694 2303 naturam
715 2278 747 2302 vt
769 2278 819 2302 170
841 2284 865 2302 v.
886 2277 918 2301 16

282 2337 314 2341 —
334 2323 422 2354 lmago
442 2322 544 2347 animae
563 2322 694 2347 rationalis
716 2328 763 2353 per
782 2324 918 2353 peccatum

281 2367 423 2392 deformata
445 2374 492 2398 per
510 2366 663 2398 sapientiam
689 2369 727 2391 est
752 2365 918 2391 reformanda

282 2411 330 2435 107
351 2419 376 2436 v.
397 2411 406 2435 1
431 2425 464 2428 —
485 2411 569 2442 Opera
591 2409 659 2435 bona
685 2410 749 2435 111101
774 2410 870 2435 virtute
895 2412 920 2435 et

282 2456 395 2486 potentia
421 2455 564 2486 sapientiae
590 2455 640 2480 165
666 2462 691 2479 v.
719 2455 751 2479 18
778 2468 810 2472 —-
835 2454 920 2479 Homo

282 2499 414 2531 peccando
428 2500 452 2524 in
469 2506 520 2524 uno
534 2499 620 2530 perdit
632 2499 785 2530 sapientiam
798 2498 833 2523 79
847 2506 872 2523 v.
889 2499 919 2523 18

280 2558 314 2561 -—
328 2544 412 2568 Homo
426 2543 567 2569 amittendo
578 2543 731 2574 sapientiam
744 2542 829 2574 perdit
840 2543 920 2567 multa

282 2587 351 2612 bona
371 2587 432 2613 ibid.

335 2645 369 2650 —
389 2635 427 2656 est
446 2632 607 2663 cooperatrix
621 2632 738 2657 omnium
753 2631 785 2656 w
805 2631 850 2656 168
866 2638 892 2655 v.
905 2631 920 2654 9

282 2689 316 2694 —-
336 2676 412 2701 docet
436 2676 618 2705 sobrietatem,
645 2675 827 2706 prudentiam,
853 2674 923 2699 iusti-

283 2720 344 2744 tiam
365 2724 389 2744 01
408 2720 530 2744 virtutem
551 2720 584 2744 55
605 2727 630 2743 v.
650 2720 665 2744 2
685 2733 720 2738 -
733 2719 878 2744 ostenditur
892 2725 922 2743 ex

284 2763 351 2788 bona
376 2763 572 2788 conversatione
592 2763 635 2788 Yll
657 2763 687 2787 43
710 2763 760 2787 114
781 2777 814 2780 -
836 2761 922 2787 verba

283 2808 437 2839 sapientium
457 2807 531 2839 quasi
551 2807 647 2832 stimuli
667 2811 811 2838 provocant
830 2807 864 2832 ad
879 2806 922 2831 bo-

284 2859 347 2877 num
368 2855 392 2876 et
411 2855 579 2883 praeservant
598 2859 612 2876 a
638 2858 698 2876 casu
719 2852 743 2876 in
770 2852 868 2876 malum
889 2851 922 2876 w

285 2896 329 2920 151
355 2904 380 2921 v.
401 2896 434 2921 25
453 2909 487 2914 -
503 2896 612 2927 Sapiens
626 2896 722 2926 cogitat
735 2895 802 2920 110113
816 2895 850 2920 79
864 2902 888 2920 v.
905 2896 920 2920 2

284 2953 318 2958 —
338 2940 446 2971 Sapiens
466 2940 561 2971 cogitat
581 2943 605 2964 et
627 2940 698 2971 cupit
723 2939 790 2964 bona
818 2943 922 2965 aeterna

286 2984 318 3008 80
339 2991 364 3009 v.
384 2985 399 3009 2
419 2998 452 3002 -
472 2984 577 3015 respicit
599 2987 701 3009 aeterna
721 2987 746 3008 01
772 2984 850 3009 fldem
873 2984 922 3008 129

285 3035 312 3053 v.
335 3029 361 3052 11
391 3042 425 3046 -
449 3028 532 3059 Opera
558 3028 700 3059 sapientiae
725 3028 869 3060 respiciunt
893 3035 923 3053 ea

286 3079 353 3104 quae
373 3072 479 3103 spiritus
499 3076 559 3097 sunt
578 3073 605 3097 21
631 3079 645 3096 3
658 3086 692 3090 —-
707 3072 816 3103 Sapiens
829 3072 924 3097 dicitur

286 3123 333 3147 per
352 3120 516 3141 aeternorum
537 3123 659 3148 saporem
679 3121 704 3141 et
728 3119 826 3141 rectam
853 3116 925 3141 aesti-

286 3161 426 3185 mationem
447 3161 479 3185 52
500 3168 525 3185 v.
546 3161 560 3185 8
579 3174 615 3179 -—
634 3161 684 3192 Qui
703 3160 857 3192 sapientiam
871 3160 925 3185 dili-

287 3207 376 3235 genter
395 3204 487 3235 corde,
501 3211 546 3229 ore
559 3207 583 3229 et
598 3211 678 3236 opere
691 3207 795 3229 servant
813 3203 846 3229 ab
868 3204 924 3235 ipsa

287 3247 428 3273 liberantur
447 3255 460 3273 a
482 3248 616 3274 doloribus
642 3255 786 3280 poenarum
812 3250 926 3273 aeterna-

288 3298 346 3316 rum
367 3292 416 3316 174
437 3299 462 3317 v.
483 3292 498 3316 9

342 3349 375 3353 —-
394 3335 564 3361 studentibus
584 3336 608 3361 in
628 3336 708 3361 domo
722 3337 864 3368 sapientiae
877 3336 927 3361 Do-

289 3379 375 3404 minus
395 3386 441 3404 sua
462 3379 589 3405 bcneslcia
608 3380 721 3405 ostendit
740 3380 774 3405 Vl
794 3381 845 3405 623
865 3387 891 3406 ν.
912 3381 921 3404 1

1139 244 1253 275 tNDEx
1278 244 1405 275 RERUM

949 345 983 350 --
1003 331 1200 363 appropinquat
1218 337 1267 355 nos
1278 330 1320 355 'ad
1334 330 1416 355 Deum
1431 329 1474 354 Vll
1489 329 1540 354 488
1555 328 1587 354 44

949 388 984 394 -
1003 378 1028 400 et
1046 374 1152 400 scientia
1178 377 1239 400 sunt
1263 374 1370 399 divitiae
1394 373 1483 398 salutis
1503 373 1535 397 Vl
1554 372 1589 397 75

949 427 976 444 v.
995 419 1010 444 9
1031 432 1065 438 —-
1085 418 1214 450 Sapientis
1233 420 1271 443 est
1292 418 1361 442 viam
1375 417 1471 443 docere
1484 416 1517 442 ad
1532 415 1590 441 bea-

950 463 1085 488 titudinem
1105 463 1121 488 5
1142 463 1174 487 13
1194 477 1228 480 -
1249 462 1361 487 deducet
1378 461 1413 487 ad
1425 467 1536 493 regnum
1550 467 1591 485 ae·

950 510 1053 533 ternum
1081 506 1131 531 149
1158 514 1184 531 v.
1210 507 1244 531 20
1263 519 1298 525 —
1318 506 1352 531 Ex
1378 505 1589 536 concupiscentia

950 551 1092 583 sapientiae
1106 550 1216 576 habetur
1230 550 1311 582 gloria
1326 550 1444 575 caelestis
1457 548 1489 575 ib.
1509 556 1535 574 v.
1557 549 1589 574 17

950 611 984 614 —
998 596 1046 621 Per
1055 594 1208 627 sapientiam
1223 593 1334 620 habetur
1348 593 1527 619 immortalitas
1539 593 1591 625 glo-

950 640 1004 665 riae
1024 640 1049 664 in
1069 640 1140 664 caelo
1161 638 1211 664 164
1231 646 1258 664 v.
1281 638 1311 663 13
1331 652 1365 656 —
1386 638 1521 669 Sapientes
1534 644 1591 669 per-

951 687 1016 715 gunt
1034 683 1068 708 36
1088 683 1168 708 vitam
1187 685 1320 707 aeternam
1341 681 1374 706 52
1388 689 1412 706 v.
1428 682 1453 707 8.
1467 682 1500 707 85
1514 688 1540 706 v.
1559 681 1590 706 15

952 742 986 746 -
1005 728 1140 759 Sapientes
1160 727 1269 758 gloriam
1290 725 1462 758 possidebunt
1481 726 1514 751 52
1534 732 1560 750 v.
1575 725 1589 749 8

1003 786 1038 790 ——
1058 772 1168 803 Sapiens
1186 771 1322 802 diligenter
1351 770 1459 795 intendit
1476 769 1589 795 verbum

952 816 1005 841 Filii
1025 816 1071 841 Dei
1097 816 1128 841 Vl
1155 816 1189 841 65
1207 822 1233 840 v.
1254 816 1269 840 2
1289 829 1324 832 -
1344 814 1453 846 Sapiens
1472 813 1590 846 sequitur

952 860 1082 887 Christum
1096 860 1181 886 lucem
1196 860 1229 885 52
1253 867 1280 884 ν.
1300 860 1314 883 8
1328 874 1363 877 —
1377 859 1512 890 Sapientes
1532 865 1591 890 per-

953 904 1077 930 hibebant
1096 904 1272 930 testimonium
1293 902 1394 929 ChrIsto
1415 902 1466 928 415
1486 903 1518 928 23

1005 963 1040 968 —-—
1060 949 1133 981 quasi
1153 947 1448 980 improportionabiliter
1466 946 1592 972 antecellit

952 993 1085 1019 stultitiam
1107 993 1138 1018 Vl
1158 993 1191 1018 24
1212 1000 1238 1017 v.
1268 992 1299 1017 13
1321 1006 1354 1009 -
1374 991 1463 1017 Ν111105
1490 994 1529 1016 051
1553 998 1591 1016 sa-

952 1038 1026 1070 piens
1054 1037 1103 1062 nisi
1130 1037 1173 1062 cui
1201 1037 1305 1068 sapiunt
1323 1042 1379 1066 res,
1399 1038 1478 1067 prout
1496 1035 1593 1060 dehent

953 1083 986 1107 23
1006 1089 1032 1114 q.
1051 1082 1066 1106 3
1086 1088 1142 1112 arg.
1162 1096 1196 1100 —
1216 1082 1248 1106 Ut
1267 1080 1410 1112 plurimum
1432 1080 1520 1111 plures
1534 1086 1592 1104 eon·

952 1126 1082 1151 tradicunt
1100 1125 1262 1157 sapientibus
1281 1125 1324 1150 Vll
1345 1125 1396 1150 225
1417 1124 1445 1149 31

1005 1184 1041 1189 -—
1060 1170 1221 1196 Curiositatis
1249 1173 1288 1195 est
1316 1169 1376 1201 plus
1406 1169 1472 1193 velle
1500 1175 1593 1200 sapere

952 1222 1033 1248 quam
1053 1217 1155 1247 oportet
1175 1214 1207 1239 Vl
1228 1214 1260 1238 18
1276 1221 1301 1239 v.
1316 1214 1348 1238 13
1362 1226 1397 1231 -
1411 1212 1518 1238 Plurimi
1535 1213 1592 1244 plus

952 1260 1043 1285 volunt
1057 1266 1149 1291 sapere
1163 1265 1243 1291 quam
1258 1257 1404 1290 praesentia
1425 1260 1593 1282 contemnere

955 1304 986 1329 10
1006 1311 1031 1336 q.
1053 1303 1068 1328 4
1083 1318 1115 1321 -
1129 1304 1220 1328 Plures
1238 1302 1409 1327 inveniuntur
1428 1301 1498 1326 stulti
1511 1307 1592 1333 quam

953 1348 1083 1380 sapientes
1105 1348 1136 1372 18
1157 1355 1182 1372 v.
1204 1347 1235 1371 14

1005 1408 1040 1411 -—-
1060 1392 1219 1424 Sapientiam
1239 1391 1341 1416 discere
1360 1393 1385 1415 et
1404 1390 1500 1415 docere
1513 1388 1593 1415 debe-

954 1446 1013 1464 mus
1033 1438 1074 1462 Vll
1096 1436 1147 1462 105
1167 1436 1200 1461 66
1221 1450 1254 1454 -
1274 1435 1335 1460 Sine
1363 1434 1490 1466 sapientia
1516 1440 1594 1465 reges

952 1489 1064 1514 regnare
1083 1488 1134 1506 0011
1154 1483 1264 1512 possunt
1284 1480 1316 1505 Vl
1338 1479 1389 1504 149
1409 1486 1435 1504 v.
1454 1479 1482 1504 21
1501 1492 1536 1497 -
1550 1485 1594 1503 ne-

954 1526 1065 1552 cessaria
1092 1529 1129 1551 051
1149 1523 1281 1550 iudicibus
1301 1523 1352 1549 145
1371 1531 1397 1548 ν.
1418 1524 1433 1548 3
1453 1538 1487 1541 -
1507 1523 1594 1548 Eccle-

953 1572 1006 1597 siae
1025 1573 1138 1596 rectores
1151 1569 1305 1600 sapientiam
1319 1568 1436 1593 divinam
1456 1567 1594 1600 acquirere

954 1619 979 1641 et
998 1621 1086 1640 amare
1106 1613 1203 1639 debent
1233 1612 1282 1638 147
1305 1620 1331 1637 v.
1353 1613 1384 1637 10
1404 1626 1439 1631 -
1459 1612 1594 1644 Sapientes

954 1662 1013 1685 sunt
1032 1657 1199 1691 praeficiendi
1221 1657 1272 1682 268
1294 1657 1338 1681 101

1007 1717 1042 1722 -
1062 1703 1175 1734 Operam
1199 1701 1263 1727 dare
1291 1707 1433 1732 possumus
1452 1700 1593 1731 sapientiae

955 1751 999 1773 aut
1018 1750 1127 1779 propter
1155 1745 1326 1771 commodum
1347 1745 1491 1776 praesentis
1515 1745 1593 1775 vitae,

955 1795 999 1817 aut
1018 1793 1126 1822 propter
1144 1789 1382 1815 remunerationem
1404 1788 1501 1820 gloriae
1514 1792 1595 1813 aeter-

956 1842 1004 1860 nae
1024 1835 1055 1859 Vl
1077 1835 1109 1860 26
1129 1841 1156 1866 q.
1176 1835 1190 1858 2
1210 1848 1244 1851 -
1264 1833 1318 1857 Non
1338 1836 1377 1858 est
1395 1832 1554 1858 studendum
1570 1832 1594 1857 in

955 1879 1080 1911 sapientia
1101 1880 1208 1910 propter
1228 1883 1353 1908 praesens
1378 1876 1550 1902 commodum
1570 1879 1595 1901 et

955 1923 1146 1954 curiositatem,
1176 1921 1223 1947 sed
1246 1924 1354 1953 propter
1374 1924 1505 1945 aeternam
1531 1920 1595 1945 salu-

957 1970 1009 1993 tem
1029 1966 1092 1992 ibid.
1111 1980 1146 1985 —
1165 1966 1277 1991 Stultum
1307 1968 1346 1990 est
1365 1967 1474 1996 propter
1498 1965 1595 1989 13111301

956 2011 1068 2036 nominis
1077 2010 1104 2035 in
1115 2009 1240 2042 sapientia
1252 2008 1370 2034 laborare
1381 2007 1414 2034 ib.
1425 2015 1452 2041 q.
1463 2008 1477 2033 3
1488 2021 1524 2027 —
1534 2008 1596 2040 Qui—

956 2056 1017 2081 dam
1031 2055 1161 2087 sapientes
1174 2057 1252 2079 totam
1267 2060 1342 2079 suam
1356 2052 1594 2078 remunerationem

956 2100 981 2125 in
1001 2099 1124 2125 laudibus
1143 2099 1281 2124 hominum
1301 2098 1461 2123 constituunt
1481 2097 1512 2122 49
1533 2104 1558 2129 q.
1580 2097 1595 2122 2

1009 2158 1044 2162 —
1076 2143 1250 2169 contemnitur
1287 2145 1396 2174 propter
1433 2141 1594 2167 audientium

956 2188 1090 2214 stultitiam
1120 2188 1153 2213 Vl
1172 2187 1206 2212 79
1227 2194 1252 2212 v.
1274 2187 1315 2217 16,
1337 2187 1368 2211 17
1389 2201 1422 2204 -
1441 2186 1551 2217 Sapiens
1570 2186 1596 2210 li-

957 2232 1052 2258 berans
1072 2231 1198 2257 oblivioni
1217 2231 1327 2257 traditur
1346 2231 1380 2256 78
1400 2238 1426 2256 v.
1450 2231 1481 2256 15
1499 2244 1534 2249 -
1555 2230 1596 2255 Sa-

958 2277 1032 2308 piens
1051 2276 1207 2308 deprimitur
1227 2276 1256 2301 81
1280 2283 1306 2300 v.
1326 2275 1342 2300 5

1009 2335 1045 2339 —
1065 2321 1101 2345 De
1120 2320 1236 2352 sapiente
1265 2322 1324 2351 post
1352 2322 1464 2344 mortem
1488 2326 1539 2344 non
1558 2322 1596 2344 est

957 2365 1042 2397 magis
1062 2365 1188 2390 memoria
1208 2371 1288 2396 quam
1308 2363 1341 2389 de
1360 2364 1438 2388 stulto
1459 2363 1490 2388 vt
1517 2363 1550 2388 25
1570 2370 1597 2389 v.

959 2409 1001 2440 14,
1022 2410 1055 2434 15
1075 2423 1108 2426 -
1132 2409 1263 2441 Quantum
1292 2408 1326 2433 ad
1355 2408 1437 2433 Deum
1470 2407 1595 2432 memoria

958 2457 996 2479 est
1016 2453 1077 2479 boni
1097 2453 1235 2485 sapientis,
1261 2452 1307 2477 sed
1336 2459 1388 2477 non
1411 2454 1538 2484 quantum
1564 2451 1595 2476 ad

958 2499 1077 2524 homines
1097 2498 1130 2523 26
1150 2505 1177 2530 q.
1197 2498 1211 2522 3
1232 2511 1267 2514 —
1287 2497 1396 2528 Sapiens
1415 2503 1466 2521 non
1487 2497 1598 2527 praeser-

959 2546 999 2568 tur
1018 2542 1096 2567 stulto
1115 2545 1244 2575 quantum
1269 2541 1302 2566 ad
1324 2544 1435 2566 mortem
1455 2541 1489 2565 25
1509 2548 1534 2565 v.
1558 2539 1597 2565 14.

960 2588 992 2612 26
1012 2594 1038 2619 q.
1057 2587 1072 2611 2
1087 2600 1120 2605 -
1135 2586 1245 2617 Sapiens
1264 2589 1289 2610 et
1308 2586 1401 2610 stultus
1421 2592 1513 2617 parum
1528 2584 1598 2610 diffe-

959 2634 1019 2656 runt
1038 2632 1086 2656 hac
1106 2630 1130 2655 in
1151 2630 1204 2655 vita
1224 2630 1257 2655 52
1276 2637 1303 2654 v.
1324 2630 1338 2653 8

1013 2689 1046 2693 —-
1067 2674 1199 2699 mundana
1220 2676 1258 2699 est
1277 2675 1348 2704 1005,
1376 2673 1447 2699 0060
1471 2673 1599 2704 gentilitas

960 2719 1114 2751 sapientiam
1135 2718 1221 2743 hausit
1240 2717 1272 2742 Vl
1294 2717 1326 2742 97
1346 2724 1373 2742 v.
1394 2717 1410 2742 7
1430 2731 1464 2736 —-
1483 2718 1598 2742 humana

962 2764 1020 2788 facit
1048 2763 1182 2788 hominem
1213 2768 1309 2786 vanum
1337 2762 1352 2786 5
1378 2761 1409 2785 10
1431 2762 1597 2786 —humana

960 2814 1011 2832 non
1031 2806 1166 2838 cognoscit
1194 2805 1279 2836 utilia,
1308 2805 1354 2830 sed
1384 2804 1516 2830 mutabilia
1537 2803 1600 2830 ibid.

960 2865 995 2870 —
1013 2852 1088 2876 stulta
1109 2857 1177 2875 1303
1196 2853 1249 2880 051,
1269 2849 1329 2881 quia
1351 2855 1459 2874 erronea
1480 2848 1543 2874 ibid.
1564 2863 1599 2867 —-

961 2895 1071 2927 Sapiens
1091 2896 1175 2920 malus
1203 2897 1229 2919 et
1256 2900 1340 2918 vanus
1369 2893 1401 2917 26
1422 2900 1447 2925 q.
1469 2893 1483 2917 3
1503 2907 1537 2910 —
1557 2894 1600 2918 Sa-

960 2940 1035 2972 piens
1054 2946 1140 2965 vanus
1159 2939 1264 2963 oculum
1279 2937 1356 2962 habet
1369 2937 1402 2962 ad
1417 2939 1518 2962 terrena
1538 2936 1599 2962 ibid.

1012 2998 1047 3004 —
1071 2984 1151 3009 Vanis
1173 2982 1337 3015 sapientibus
1354 2981 1550 3007 absconduntur
1564 2981 1600 3006 di-

961 3029 1022 3054 vina
1050 3030 1212 3053 sacramenta
1232 3029 1257 3052 et
1276 3025 1393 3058 parvulis
1412 3028 1438 3050 et
1457 3024 1600 3050 humilibus

961 3073 1110 3098 revelantur
1129 3072 1172 3096 Vll
1190 3070 1241 3096 264
1261 3070 1294 3095 37
1314 3083 1349 3089 -
1368 3069 1501 3094 10006303
1520 3068 1546 3093 10
1566 3069 1601 3093 111-

962 3117 1025 3142 11100
1046 3119 1163 3147 tempore
1183 3117 1326 3140 evacuatur
1340 3113 1372 3139 Vt
1387 3113 1421 3138 96
1435 3120 1461 3137 v.
1479 3112 1496 3137 7
1511 3127 1544 3131 —
1559 3113 1601 3138 Sa-

962 3161 1062 3192 pientes
1081 3167 1132 3185 non
1152 3159 1283 3191 cliguntur
1301 3165 1316 3183 a
1337 3158 1390 3182 Deo
1419 3157 1469 3182 268
1496 3156 1542 3181 101
1565 3170 1600 3174 »-

962 3204 1011 3237 Qui
1031 3211 1059 3229 se
1079 3204 1210 3235 sapientes
1235 3204 1357 3234 reputant
1375 3202 1442 3227 iuste
1460 3207 1600 3226 excaecan-

962 3251 1004 3273 tur
1024 3248 1069 3273 381
1095 3247 1138 3278 51,
1158 3247 1191 3272 52
1211 3260 1246 3265 -
1265 3246 1388 3277 Sapiens,
1408 3245 1453 3277 qui
1473 3243 1602 3270 subtiliter

962 3292 1047 3323 videt,
1066 3290 1162 3316 erroris
1182 3289 1296 3316 tenebris
1318 3289 1466 3314 involvetur
1485 3289 1519 3313 95
1538 3295 1565 3313 v.
1584 3288 1600 3312 7

963 3350 998 3354 —-
1017 3337 1132 3361 humana
1151 3341 1166 3359 a
1186 3334 1240 3359 Deo
1261 3334 1325 3359 tacta
1345 3336 1384 3358 est
1396 3333 1473 3358 stulta
1489 3332 1504 3358 5
1520 3333 1551 3357 10
1567 3346 1601 3350 ——

964 3381 997 3405 Se
1015 3379 1164 3412 reputando
1183 3378 1326 3410 sapientem
1347 3378 1427 3403 homo
1440 3377 1535 3402 stultus
1548 3377 1602 3402 effl-

1919 283 1980 308 SAT

1627 328 1692 353 citur
1711 327 1740 353 71
1765 335 1791 353 v.
1813 327 1845 352 17
1865 341 1899 345 -—-
1918 328 2149 353 Praesumtuosum
2168 329 2193 352 et
2206 327 2267 353 stul-

1627 374 1682 397 tum
1702 375 1741 397 est
1760 378 1789 397 se
1807 371 1951 403 sapientem
1980 374 2103 403 reputare
2130 371 2164 396 62
2185 378 2210 396 v.
2231 371 2265 396 24

1626 429 1662 434 -
1681 415 1817 447 Sapientes
1835 415 1927 441 mundi
1947 418 2084 447 reputant,
2104 422 2132 440 se
2151 422 2209 441 esse
2228 422 2266 440 sa-

1628 459 1728 491 pientes
1748 460 1774 484 in
1792 459 1889 485 divinis
1912 463 1938 485 et
1956 459 2100 491 prudentes
2120 459 2144 484 in
2165 462 2267 491 tempo-

1628 503 1726 529 ralibus
1746 504 1788 529 vlt
1809 503 1860 528 264
1881 503 1914 528 37

1680 562 1715 566 -
1733 546 1810 573 Liber
1831 547 1977 579 Sapientiae
1997 546 2147 573 inscribitur
2161 547 2267 579 Sapien-

1628 592 1661 617 tia
1683 592 1829 617 Salomonis
1854 591 1887 617 Vt
1917 592 1967 616 108
1997 598 2022 616 v.
2042 592 2057 617 6
2078 605 2112 609 -
2131 590 2215 617 Causa
2233 592 2267 616 01·

1628 636 1718 662 ficiens
1736 635 1794 661 libri
1815 636 1965 668 Sapientiae.
1983 638 2022 661 est
2041 636 2111 661 Deus
2135 642 2183 667 per
2208 642 2265 661 mo-

1627 680 1692 706 dum
1712 680 1876 712 inspirantis,
1898 680 2021 705 Salomon
2040 687 2087 711 per
2107 679 2215 705 modum
2231 679 2267 704 in-

1628 725 1769 755 venientis,
1789 724 1860 750 Philo
1889 731 1936 756 per
1964 724 2073 749 modum
2103 723 2268 755 compilantis

1627 767 1661 795 ib.
1680 776 1706 794 v.
1726 769 1750 801 5,
1771 769 1785 793 6
1805 782 1841 788 -
1861 769 1952 793 merito
1972 767 2049 793 Liber
2063 768 2212 799 Sapientiae
2231 767 2267 792 in-

1628 813 1760 844 titulatur,
1778 813 1839 846 0013
1858 813 1885 838 10
1905 819 1936 838 00
1955 812 1989 838 60
2001 812 2127 844 sapientia
2143 814 2266 844 tanquam

1628 858 1661 883 de
1680 856 1799 883 subiecto
1827 858 1869 882 vel
1898 856 1931 882 de
1959 856 2067 882 materia
2089 856 2268 888 principaliter

1629 905 1752 927 tractatur
1773 901 1824 926 109
1844 909 1868 926 v.
1889 902 1903 926 9

1682 960 1717 965 —
1738 946 1847 978 Sapiens
1866 946 1943 971 allicit
1962 948 1987 971 et
2006 945 2097 970 invitat
2115 944 2149 970 ad
2168 945 2268 977 sapien-

1629 990 1680 1015 tiae
1699 990 1844 1016 studiosam
1870 989 2085 1022 acquisitionem,
2104 989 2138 1015 ad
2158 988 2269 1021 acquisi-

1630 1038 1671 1060 tae
1698 1035 1802 1060 ssrmam
1831 1034 2002 1059 retentionem
2031 1036 2056 1059 et
2075 1036 2190 1059 retentae
2209 1033 2270 1058 dile·

1630 1079 1743 1104 ctionem
1774 1078 1805 1103 Vl
1829 1079 1877 1104 107
1897 1086 1922 1103 v.
1944 1078 1953 1103 1
1978 1092 2013 1097 -
2033 1078 2156 1103 Salomon
2182 1077 2268 1109 primo

1630 1126 1655 1148 et
1677 1123 1853 1155 principaliter
1882 1122 1992 1148 intendit
2020 1122 2156 1148 infundere
2180 1122 2269 1147 lumen

1630 1167 1773 1200 sapientiae
1793 1167 1816 1192 in
1836 1167 1986 1199 superiores
2006 1170 2031 1192 et
2050 1173 2097 1198 per
2116 1173 2161 1191 eos
2181 1166 2208 1191 in
2233 1166 2271 1191 in-

1631 1212 1738 1237 feriores
1759 1212 1808 1236 109
1828 1212 1843 1236 9
1874 1225 1908 1230 -
1936 1211 2107 1243 principalius
2125 1210 2269 1236 intenditur

1631 1256 1655 1281 in
1675 1256 1742 1281 libro
1761 1255 1923 1288 Sapientiae,
1952 1254 2108 1281 secundario
2128 1253 2163 1279 ibi
2183 1254 2270 1286 agitur

1630 1301 1664 1326 de
1685 1300 1728 1326 Dei
1752 1299 1883 1331 potentia,
1911 1299 2053 1331 sapientia,
2081 1298 2198 1324 bonitate
2217 1298 2269 1323 ¹108

1632 1354 1657 1372 v.
1677 1347 1693 1371 7
1712 1360 1748 1365 --
1767 1347 1793 1371 10
1811 1345 1877 1371 libro
1891 1345 2040 1377 Sapientiae
2052 1351 2105 1370 non
2119 1345 2204 1370 solum
2218 1344 2271 1376 agi-

1631 1394 1673 1416 tur
1692 1391 1725 1416 de
1744 1390 1871 1422 sapientia
1891 1390 2019 1419 increata,
2032 1389 2088 1415 eius
2100 1388 2224 1414 laudibus
2237 1388 2271 1413 in-

1631 1435 1761 1464 sistendo,
1790 1434 1836 1459 sed
1860 1434 1938 1459 etiam
1959 1434 1993 1459 de
2012 1436 2112 1464 creata,
2131 1433 2189 1459 eius
2208 1432 2272 1458 utili-

1632 1483 1696 1505 tates
1716 1478 1879 1504 ostendendo
1900 1478 1950 1503 109
1971 1485 1998 1503 v.
2018 1478 2033 1502 9
2046 1478 2120 1503 —ln
2140 1484 2172 1502 eo
2184 1477 2272 1509 agitur

1631 1524 1664 1550 de
1675 1523 1801 1555 sapientia
1814 1522 1937 1553 increata,
1947 1522 2031 1555 qualis
2041 1521 2081 1552 sit,
2092 1524 2118 1546 et
2130 1521 2164 1547 de
2176 1523 2271 1551 creata,

1630 1567 1858 1601 quemadmodum
1878 1569 1963 1592 creata
1983 1567 2016 1591 sit
2034 1565 2095 1591 ibid.

1684 1627 1719 1630 —
1748 1611 1832 1638 Causa
1861 1611 1944 1637 finalis
1973 1610 2031 1636 libri
2061 1610 2209 1642 SapientIae
2233 1613 2273 1635 est

1630 1657 1772 1682 exhortatio
1804 1663 1849 1681 seu
1882 1655 2037 1687 provocatio
2067 1654 2218 1686 principum
2247 1656 2274 1679 et.

1630 1701 1823 1733 praelatorum,
1842 1703 1868 1725 et
1886 1707 1933 1731 per
1953 1705 2118 1731 consequens
2138 1698 2273 1729 omnium,

1630 1746 1664 1771 ad
1683 1745 1800 1771 5111610111
1820 1747 1845 1769 01
1864 1750 1982 1769 amorem
2002 1743 2145 1774 sapientiae
2165 1743 2197 1768 Vt
2219 1742 2269 1768 109

1631 1790 1657 1815 9.
1678 1790 1728 1814 110
1748 1796 1774 1813 v.
1795 1789 1804 1813 1

1685 1848 1720 1851 —
1739 1833 1817 1858 Stilus
1836 1831 1893 1857 libri
1923 1831 2072 1863 Sapientiae
2091 1831 2177 1863 magis
2195 1830 2274 1856 redo-

1632 1878 1666 1903 let
1684 1877 1809 1902 Graecam
1830 1876 2006 1908 eloquentiam
2025 1882 2105 1908 quam
2125 1874 2273 1900 Hebraeam

1632 1921 1666 1947 Vl
1689 1921 1736 1946 109
1758 1920 1775 1945 b
1794 1935 1829 1938 ——
1848 1919 1925 1945 Liber
1953 1919 2102 1950 Sapientiae
2128 1919 2154 1944 in
2174 1919 2274 1945 Graeco

1633 1965 1789 1996 compilatus
1809 1964 1888 1989 fuisse
1907 1964 2013 1988 videtur
2035 1963 2084 1988 143
2105 1971 2130 1989 v.
2151 1964 2183 1989 23

1687 2022 1722 2027 -
1740 2007 1818 2033 Liber
1837 2008 1984 2039 Sapientiae
2004 2007 2037 2032 de
2057 2007 2191 2033 sententiis
2205 2007 2274 2033 Salo-

1634 2053 1719 2079 monis
1739 2053 1786 2078 1011
1804 2052 1961 2083 compilatus
1981 2052 2013 2077 Vl
2028 2052 2078 2077 108
2098 2059 2124 2077 v.
2144 2052 2159 2077 6
2181 2066 2213 2070 -
2233 2051 2275 2077 Li-

1635 2097 1682 2123 ber
1706 2096 1853 2129 Sapientiae
1874 2095 1952 2121 habet
1971 2096 1995 2120 in
2014 2096 2147 2121 sententiis
2169 2097 2275 2128 prosun-

1634 2142 1695 2168 dam
1710 2141 1888 2167 difficultatem
1904 2143 1929 2165 et
1941 2140 2052 2171 originis
2064 2140 2274 2170 occultationem,

1635 2187 1659 2211 in
1680 2185 1848 2212 sermonibus
1867 2185 1963 2210 claram
1984 2183 2228 2214 manifestationem,
2247 2184 2276 2209 in

1634 2237 1759 2263 processu
1778 2229 1909 2255 rationum
1928 2228 2144 2260 consequentiam
2164 2231 2189 2254 et
2207 2228 2275 2254 ordi-

1634 2278 1722 2300 natam
1741 2273 1962 2299 continuationem
1982 2271 2015 2298 ib.
2034 2279 2060 2297 v.
2079 2272 2096 2297 7

1688 2319 1770 2344 Saron
1790 2332 1824 2336 ·—
1843 2320 1883 2343 est
1901 2317 1925 2342 in
1954 2317 2047 2345 affectu
2077 2316 2108 2341 Vl
2135 2316 2168 2341 23
2194 2323 2219 2348 q.
2246 2316 2272 2341 3.

1636 2364 1686 2388 133
1705 2370 1733 2388 V.
1752 2363 1767 2387 3

1688 2407 1837 2432 SAREPTANA
1856 2420 1891 2424 ——
1910 2405 2031 2437 designat
2043 2404 2214 2436 gentilitatem
2232 2404 2277 2434 vtt

1637 2452 1686 2476 102
1713 2451 1746 2476 55
1775 2464 1809 2468 -—
1833 2450 1931 2475 salvata
1952 2452 2003 2480 est,
2023 2449 2147 2474 derelicto
2177 2448 2276 2480 populo

1635 2494 1791 2520 ludaeorum
1811 2493 1875 2520 ibid.
1892 2507 1928 2512 —
1946 2493 2114 2525 suscipiendo
2134 2493 2214 2518 Eliam
2233 2499 2278 2524 pe-

1636 2539 1747 2564 riculum
1768 2538 1843 2563 samis
1862 2538 1946 2563 evasit
1966 2537 2017 2563 475
2036 2538 2051 2562 9

1690 2583 1757 2608 ΞΑΤΑ
1776 2595 1812 2601 ·-
1831 2582 1878 2607 tria
1899 2581 2074 2612 multipliciter
2100 2580 2278 2612 intelliguntur

1637 2627 1678 2653 Vll
1699 2627 1750 2652 348
1771 2625 1813 2658 44,
1834 2625 1866 2651 45

1690 2671 1804 2696 Siluius
1828 2684 1863 2687 —
1889 2676 1958 2694 unus
1981 2669 2053 2694 alteri
2083 2669 2226 2694 concordat
2250 2668 2278 2693 in

1637 2715 1736 2740 malum
1765 2714 1808 2739 vti
1834 2714 1880 2739 291
1916 2713 1948 2738 44
1974 2727 2008 2731 -—
2034 2712 2197 2745 lmpossibile
2225 2716 2277 2745 est,

1636 2759 1709 2792 quod
1728 2762 1832 2784 satanas
1850 2758 1908 2789 ipse
1927 2757 1960 2783 de
1973 2764 2056 2789 regno
2069 2757 2155 2783 eiiciat
2173 2764 2201 2782 se
2215 2755 2277 2782 ibid.

1636 2818 1671 2821 —
1690 2804 1801 2828 Satanae
1820 2809 1933 2833 reguum
1953 2805 1991 2827 est
2004 2801 2031 2826 in
2051 2802 2126 2827 malis
2144 2804 2169 2826 et
2188 2807 2278 2833 pecca·

1616 2859 1619 2862 ⁴
1637 2846 1738 2873 toribus
1757 2845 1820 2872 ibid.

1690 2905 1725 2910 —
1745 2890 1850 2916 intravit
1868 2890 1894 2915 in
1913 2890 2003 2916 ludam
2024 2897 2076 2914 non
2096 2897 2143 2921 per
2156 2889 2277 2921 illapsum

1637 2935 1779 2966 essentiae,
1797 2934 1844 2960 sed
1864 2940 1912 2965 per
1930 2933 2128 2965 suggestionem
2147 2933 2279 2966 nequitiae

1638 2980 1681 3006 Vll
1701 2979 1747 3005 541
1774 2978 1789 3004 4

1692 3024 1816 3049 Sumus
1834 3037 1866 3042 -—
1889 3022 1913 3047 1n
1934 3022 1988 3047 solo
2014 3022 2068 3047 Deo
2096 3028 2159 3046 vera
2179 3024 2218 3046 est
2245 3020 2278 3046 Vl

1640 3068 1672 3093 15
1692 3075 1719 3093 v.
1738 3068 1753 3092 8
1773 3080 1808 3085 -
1827 3073 1889 3092 vera
1909 3073 1963 3091 non
1981 3069 2021 3090 est
2044 3065 2070 3090 in
2089 3064 2235 3090 visibilibus
2254 3067 2279 3090 ct

1639 3111 1806 3137 sensibilibus
1825 3110 1887 3137 ibid.

1692 3156 1855 3181 suisne-sio
1874 3168 1909 3173 —
1928 3153 2060 3185 condigna
2086 3156 2125 3178 est
2150 3160 2197 3185 per
2216 3159 2280 3185 poe-

1639 3200 1773 3224 nitentiam
1792 3199 1835 3225 vlt
1855 3199 1890 3224 74
1911 3199 1943 3224 17
1962 3212 1998 3216 --
2023 3197 2158 3229 lntegritas
2182 3197 2280 3222 satista-

1639 3244 1733 3269 ctionis
1752 3243 1868 3268 consistit
1896 3243 1921 3268 in
1945 3242 2037 3267 effectu
2057 3241 2216 3273 operationis
2235 3239 2280 3266 bo-

1640 3294 1703 3318 nae,
1730 3287 1754 3312 in
1773 3286 1863 3313 habitu
1888 3285 2096 3312 conversationis
2114 3287 2234 3315 sanctae,
2252 3284 2280 3309 in

1641 3331 1775 3357 tolerantia
1803 3331 1933 3363 passionis
1961 3328 2073 3355 acerbae
2101 3329 2151 3354 213
2180 3328 2214 3353 86
2245 3340 2281 3347 -

1641 3376 1793 3401 Satissacere
1812 3378 1851 3401 est
1870 3373 1989 3400 debitum
2018 3373 2129 3399 reddere
2157 3379 2208 3398 non
2228 3372 2283 3397 Deo
