2476 3921
291 262 352 293 1Ξῖ

288 351 493 382 curarentur
527 344 570 377 ab
601 341 857 384 infirmitatibus
886 340 969 373 suis.
1002 340 1134 381 Propter
1161 337 1246 381 quod

289 399 487 443 praedicabat
504 398 596 431 Isaias
612 395 876 439 quinquagesimo
892 394 985 427 tertio
998 394 1028 425 ¹:
1050 405 1066 421 α
1083 392 1163 425 Vere
1180 391 1247 424 lan-

288 462 403 496 guores
414 455 538 484 nostros
550 450 616 492 ipse
629 449 718 487 tulit,
731 451 762 481 et
775 447 972 480 infirmitates
984 446 1050 487 ipse
1066 444 1230 487 portavit»
1239 468 1246 475 .

290 507 326 539 Et
349 506 417 538 ideo
434 508 518 537 recte
534 502 687 536 faciebant
703 500 876 534 secundum
897 499 1061 532 consilium
1079 496 1247 540 Sapientis,

291 558 493 593 Ecclesiastici
530 556 691 599 trigesimo
721 557 846 589 octavo:
877 552 980 591 «Fili,
1005 552 1037 584 in
1065 549 1248 583 infirmitate

290 624 351 647 non
375 612 527 654 despicias
551 614 580 643 te
604 610 724 652 ipsum,
748 607 800 641 sed
818 616 874 640 ora
890 606 1075 644 Dominum,
1100 607 1131 637 et
1155 612 1248 636 cura-

290 668 333 700 bit
352 670 381 699 te
397 680 426 697 n.
444 683 486 689 —
503 665 581 697 Haec
605 672 681 705 ergo
704 665 772 695 erat
796 660 934 703 perfecta
957 659 1077 692 utilitas
1100 666 1142 690 ex
1160 659 1248 699 parte

290 721 424 753 animae
447 722 478 751 et
501 717 670 759 corporae,
696 724 777 758 quae
801 713 944 747 veniebat
967 722 985 745 a
1008 712 1090 744 fama
1112 710 1249 743 nominis

290 772 415 806 Christi.
441 772 508 813 lpse
530 771 612 803 enim
637 768 782 801 Christus
813 770 861 800 est
889 779 904 795 ε(
920 765 975 798 Dei
1006 765 1109 797 virtus
1139 766 1171 796 et
1194 762 1249 795 Dei

291 825 441 869 sapientia
454 825 466 843 2
484 836 514 863 »;
539 826 571 856 et
596 822 665 854 ideo
681 821 735 863 qui
753 820 790 852 ad
809 820 911 862 ipsum
927 817 1119 851 conveniunt
1134 814 1250 848 illumi-

291 882 407 913 nantur
431 887 487 920 per
517 875 719 918 sapientiam
753 877 785 906 et
808 876 964 905 curantur
998 879 1056 913 per
1083 872 1249 902 virtutem.

292 933 328 966 Et
357 932 425 965 ideo
457 930 572 963 dicitur
608 929 639 961 in
674 927 811 960 Psalmo:
843 924 1016 958 «Accedite
1049 923 1089 956 ad
1115 932 1189 955 eum
1221 925 1252 954 et

291 975 529 1021 illuminamini,
554 985 586 1015 et
609 981 702 1014 facies
726 983 849 1013 vestrae
883 987 946 1010 non
970 976 1203 1010 confundentur
1219 987 1251 1014 »;

292 1042 323 1072 et
346 1038 415 1071 ideo
439 1037 532 1069 Isaiae
556 1033 797 1077 quadragesimo
819 1040 920 1064 nono:
951 1043 967 1059 «
983 1029 1058 1062 Dedi
1083 1032 1113 1061 te
1137 1028 1169 1061 in
1204 1028 1253 1060 lu—

292 1100 359 1123 cem
383 1089 538 1132 gentium,
564 1090 600 1119 ut
623 1086 666 1119 sis
690 1085 775 1118 salus
798 1092 867 1116 mea
883 1091 985 1125 usque
1008 1081 1047 1114 ad
1070 1085 1252 1114 extremum

292 1147 395 1176 terrae
411 1156 441 1173 ».
573 1142 577 1146 '

382 1195 433 1228 35.
460 1194 561 1235 (Vers.
590 1193 664 1233 16.).
691 1192 851 1224 Postremo
878 1189 1056 1223 ostenditur
1080 1187 1253 1226 virtuosa,

293 1259 365 1284 cum
389 1248 551 1282 subditur:
577 1247 650 1289 Ipse
674 1250 783 1278 autem
807 1243 972 1276 secedebat
988 1243 1024 1276 in
1040 1243 1206 1275 desertum
1226 1245 1255 1274 et

293 1302 431 1340 orabat,-
455 1301 530 1343 quia
552 1300 723 1333 humanam
747 1297 879 1340 gloriam
903 1299 934 1329 et
949 1296 1063 1329 famam
1080 1305 1141 1328 non
1158 1303 1255 1337 quae-

294 1357 400 1395 rebat,
425 1355 479 1388 sed
503 1353 655 1396 fugiebat,
673 1351 847 1385 secundum
872 1350 949 1383 illud
972 1349 1117 1382 Matthaei
1134 1348 1256 1382 decimo

294 1409 451 1453 quart0³t
480 1421 495 1436 α
515 1407 549 1439 Εῑ
572 1406 700 1439 dimissa
735 1404 846 1443 turba,
882 1403 1022 1436 ascendit
1052 1403 1085 1435 in
1116 1405 1254 1434 montem

294 1464 379 1497 solus
403 1471 494 1495 orare
512 1474 541 1492 ».
568 1460 599 1492 ln
623 1468 688 1501 quo
710 1457 805 1490 dabat
827 1457 917 1490 nobis
939 1456 1073 1489 formam
1091 1454 1255 1488 recedendi

294 1527 312 1550 a
336 1516 455 1550 mundo
479 1518 509 1548 et
533 1511 804 1555 appropinquandi
822 1510 860 1543 ad
883 1510 1001 1549 Deum;
1018 1511 1148 1551 propter
1171 1507 1256 1550 quod

294 1570 416 1603 dicebat
440 1567 605 1611 Apostolus
628 1565 667 1598 ad
690 1564 813 1596 Galatas
836 1563 955 1605 primo:
985 1575 1000 1592 α
1017 1562 1047 1595 Si
1072 1561 1176 1595 adhuc
1199 1561 1256 1594 ho-

295 1623 433 1656 minibus
457 1622 631 1664 placerem,
656 1617 770 1651 Christi
807 1626 919 1651 servus
949 1626 1010 1650 non
1048 1625 1149 1649 essem
1165 1629 1195 1647 ».
1222 1615 1257 1647 Et

296 1676 364 1708 ideo
387 1675 425 1708 ad
450 1676 524 1713 hoc,
549 1674 633 1716 quod
657 1674 757 1706 oratio
781 1673 821 1705 sit
845 1672 908 1704 Deo
931 1670 1054 1713 placita,
1079 1679 1141 1702 non
1164 1668 1257 1702 debet

295 1739 363 1763 esse
387 1729 512 1771 publica
537 1728 567 1760 in
592 1727 677 1765 soro,
703 1727 757 1760 sed
791 1726 915 1759 occulta
949 1724 981 1757 in
1004 1723 1148 1762 deserto;
1173 1722 1257 1756 unde

295 1782 439 1815 Matthaei
464 1781 598 1814 sext04:
629 1793 644 1808 «
661 1781 707 1812 Tu
732 1782 856 1818 autem,
881 1787 954 1811 cum
988 1776 1145 1816 oraveris,
1174 1776 1258 1809 intra

295 1836 476 1869 cubiculum
502 1838 593 1867 tuum
611 1847 640 1865 ».
668 1834 703 1866 Et
726 1833 786 1865 hoc
809 1831 957 1874 estquod
979 1830 1055 1863 dicit
1077 1829 1258 1863 Bernardus

295 1890 326 1922 in
361 1889 504 1921 Cantica:
542 1887 599 1919 «O
635 1890 742 1920 sancta
772 1886 892 1919 animal
918 1885 983 1918 sola
1018 1887 1100 1923 esto,
1131 1886 1168 1916 ut
1200 1882 1257 1916 soli

295 1943 436 1976 omnium
461 1951 568 1975 serves
604 1944 633 1974 te
671 1941 786 1983 ipsam,
812 1948 907 1983 quem
944 1938 1000 1971 tibi
1035 1947 1076 1971 ex
1111 1937 1258 1970 omnibus

295 1997 424 2039 elegisti.
449 1996 532 2038 Fuge
556 1995 736 2037 publicum,
754 1994 826 2035 fuge
843 1996 874 2026 et
890 1993 974 2035 ipsos
989 1990 1193 2030 domesticos,
1210 1999 1258 2023 se-

295 2050 369 2083 cede
393 2049 432 2082 ab
455 2048 564 2081 amicis
586 2051 617 2081 et
642 2047 760 2080 intimis
790 2051 821 2079 et
856 2046 896 2078 ab
931 2045 984 2077 illo
1007 2045 1061 2088 qui
1086 2044 1142 2077 tibi
1167 2043 1258 2076 mini-

295 2107 383 2136 strat.
409 2104 451 2135 An
476 2102 592 2140 nescis,
609 2105 639 2134 te
656 2100 872 2133 verecundum
898 2099 1015 2133 habere
1038 2107 1204 2140 sponsum,
1228 2100 1259 2131 et

293 2156 348 2199 qui
367 2163 569 2198 nequaquam
587 2154 660 2187 velit
673 2153 728 2186 tibi
745 2162 836 2186 suam
853 2153 1016 2195 indulgere
1032 2152 1257 2195 praesentiam,

291 2209 515 2253 praesentibus
538 2208 674 2240 ceteris?
698 2206 811 2239 Secede
847 2215 939 2249 ergo,
964 2205 1018 2239 sed
1047 2209 1170 2248 mente,
1195 2215 1258 2239 non

293 2271 447 2304 corpore3
473 2262 526 2295 sed
550 2262 739 2302 intentione,
765 2260 816 2296 sed
842 2261 1020 2303 devotione,
1046 2261 1099 2298 sed
1123 2262 1256 2307 spiritu;

297 2325 487 2359 quamquam
514 2319 544 2350 et
568 2325 700 2359 corpore
725 2317 882 2357 interdum
907 2327 970 2350 non
993 2318 1091 2351 otiose
1116 2321 1146 2352 te
1170 2327 1258 2361 sepa-

293 2379 364 2409 ras,
389 2371 574 2413 praesertim
599 2371 630 2403 in
656 2374 796 2413 tempore
820 2371 970 2404 orationis
987 2385 1016 2404 ».

383 2425 434 2463 36.
460 2428 501 2461 Ad
524 2425 674 2471 praedicti
699 2429 805 2459 autem
829 2425 973 2458 miraculi
990 2425 1177 2459 evidentiam
1194 2426 1258 2459 duo

133 2491 271 2514 nuoaenoe
290 2487 364 2516 sunt
388 2483 439 2517 hic
464 2482 664 2525 intelligenda
679 2478 701 2511 ⁵.
726 2480 801 2513 Nam
832 2479 936 2523 primo
967 2482 1091 2521 oportet
1126 2479 1259 2521 aperire

124 2519 227 2540 miraculo
235 2525 270 2540 ex-

164 1260 273 1282 vti-tuosa.

124 2545 232 2572 pacanda.
290 2536 439 2569 latentem
464 2536 676 2579 spiritualem
702 2531 970 2578 intelligentiam,
1003 2531 1114 2567 deinde
1141 2532 1256 2565 dissol-

289 2599 362 2622 vere
384 2594 605 2632 apparentem
630 2589 901 2622 controversiam.

136 2651 274 2706 232⁰&ssss
377 2644 466 2677 Circa
490 2645 550 2677 hoc
575 2647 681 2676 autem
713 2643 900 2676 miraculum
939 2644 999 2677 tria
1029 2644 1254 2681 consideranda

139 2705 207 2726 catio.

286 2701 470 2730 occurrunt.
498 2698 638 2730 Primum
663 2699 724 2735 est,
761 2697 837 2739 quid
872 2697 1058 2741 intelligitur
1082 2710 1139 2743 per
1164 2712 1253 2735 mor-

888 251 1082 285 COMMENT.
1106 251 1143 283 lN
1167 249 1404 282 EVANGELIUM
1429 248 1547 281 LUCAE
1570 248 1603 280 C.
1628 248 1663 280 V.

1311 336 1389 369 bum
1413 336 1542 379 lepram
1566 335 1721 374 secundo,
1745 335 1820 378 quid
1845 344 1902 377 per
1926 339 2051 368 tactum
2067 344 2190 367 manus
2214 334 2271 367 do-

1309 390 1473 428 minicae‚·
1504 389 1615 428 tertio,
1647 384 1724 430 quid
1757 397 1812 430 per
1837 391 2051 431 praeceptum
2083 387 2179 430 Leyis
2209 387 2272 420 im·
2443 421 2445 426 ,

1308 443 1459 485 plendae.
1485 460 1526 466 -
1551 440 1687 474 Morbus
1711 441 1820 484 leprae
1843 440 1985 483 designat
2007 443 2093 474 recte
2109 443 2273 483 peccatum
2307 447 2403 495 Q“{,⁶¹³³‘
2443 431 2445 445 '

1312 496 1463 535 mortale,
1487 495 1580 538 quia,
1604 495 1686 528 sicut
1715 494 1803 536 lepra
1828 494 1927 536 inficit
1957 498 1989 527 et
2019 493 2174 526 deformat
2204 502 2273 526 car·
2291 475 2420 528 m⁰i>r3¹2.¹⁰‘
2444 502 2445 506 ¹

1312 558 1401 588 nem,
1425 549 1470 582 sic
1502 552 1665 591 peccatum
1700 547 1837 580 maculat
1868 550 1899 580 et
1933 546 2087 580 deformat
2117 546 2271 585 animam3

1311 602 1396 635 unde
1429 602 1632 635 Threnorum
1667 601 1826 634 ultimo⁶:
1861 600 2063 642 «Denigrata
2097 603 2145 632 est
2176 608 2273 642 super

1312 656 1464 689 carbones
1494 655 1589 688 facies
1622 663 1752 693 eorum,
1775 653 1917 687 adhaesit
1940 653 2022 686 cutis
2053 661 2165 686 eorum
2196 652 2274 685 ossi-

1312 708 1374 741 bus
1389 722 1420 740 ».
1446 709 1545 750 Lepra
1568 708 1662 740 etiam
1686 707 1754 740 eiici
1779 706 1852 740 facit
1875 708 1968 739 extra
1992 709 2112 744 castra,
2137 705 2181 738 sic
2202 713 2274 747 pec-

1313 765 1419 795 catum
1442 761 1575 794 mortale
1598 770 1617 794 a
1640 760 1752 794 castris
1767 760 1903 803 gloriae;
1929 759 2097 793 Ezechielis
2124 758 2275 801 vigesimo

1313 818 1441 848 octavo:
1470 827 1486 843 α
1503 813 1656 853 Peccasti,
1681 817 1712 847 et
1735 813 1810 847 eieci
1843 816 1874 846 te
1904 812 1943 845 de
1974 815 2081 845 monte
2104 811 2160 845 Dei
2176 812 2210 844 »t
2230 829 2276 834 —

1315 868 1368 900 Hic
1391 870 1497 900 autem
1521 867 1652 900 morbus
1675 866 1915 909 quadruplicem
1939 865 2034 899 habet
2056 864 2275 904 differentiam,
2293 871 2406 919 speciest

1316 921 1489 954 secundum
1514 920 1599 963 quod
1622 920 1738 953 dicitur
1761 919 1887 953 Levitici
1923 918 2045 952 decimo
2069 918 2163 951 tertio
2176 918 2198 950 ⁷.
2224 917 2277 951 Est
2320 903 2391 925 ‘¹³⁶⁰'

1315 974 1398 1007 enim
1415 974 1503 1016 lepra
1518 973 1550 1006 in
1566 983 1686 1011 carne,
1704 973 1792 1014 lepra
1808 972 1839 1005 in
1856 971 1953 1014 pilis,
1970 971 2058 1014 lepra
2074 971 2106 1004 in
2122 970 2276 1010 vestibus,

1317 1027 1404 1069 lepra
1428 1027 1458 1059 in
1476 1026 1685 1059 habitaculis.
1710 1026 1810 1068 Lepra
1839 1025 1870 1058 in
1903 1035 2005 1058 carne
2029 1024 2181 1067 significat
2205 1032 2277 1066 pec-

1317 1084 1421 1113 catum
1446 1080 1588 1119 carnale;
1613 1080 1701 1122 lepra
1716 1080 1747 1112 in
1761 1079 1842 1122 pilis
1864 1079 1981 1112 barbae
2005 1078 2055 1111 vel
2071 1077 2198 1120 capitis,
2215 1077 2278 1119 spi-

1317 1133 1432 1167 rituale
1455 1136 1637 1176 peccatum,
1662 1133 1737 1176 quia
1768 1141 1824 1175 per
1852 1131 1939 1175 pilos
1963 1130 2165 1173 cogitationes
2188 1130 2278 1163 intel-

1318 1187 1475 1230 liguntur;
1501 1187 1588 1229 lepra
1611 1186 1643 1219 in
1666 1190 1769 1225 veste,
1794 1189 1956 1228 peccatum
1974 1184 2006 1216 in
2023 1183 2277 1223 conversatione3

1319 1240 1406 1282 lepra
1428 1240 1459 1272 in
1484 1240 1600 1279 domo,
1624 1242 1789 1282 peccatum
1813 1238 1844 1270 in
1868 1237 2118 1280 congregatione.
2135 1237 2188 1270 Ille
2204 1245 2279 1279 ergo

1318 1298 1366 1328 est
1389 1294 1501 1336 plenus
1525 1294 1629 1335 lepra,
1661 1293 1715 1335 qui
1752 1291 1901 1325 omnibus
1932 1291 1982 1324 his
2016 1290 2201 1324 criminibus
2232 1293 2281 1323 est

1319 1348 1463 1381 insectus.
1488 1347 1532 1380 De
1567 1347 1616 1380 his
1649 1345 1834 1379 differentiis
1868 1345 1974 1387 leprae
2008 1344 2133 1378 Levitici
2159 1343 2281 1377 decimo

1320 1402 1413 1435 tertio
1436 1401 1562 1434 dicitur.
1580 1401 1611 1433 In
1631 1400 1727 1433 huius
1749 1399 1899 1443 liyuram
1923 1399 2017 1433 etiam
2035 1399 2151 1432 dicitur
2175 1399 2279 1442 quarti
2299 1406 2384 1434 Figura·

1320 1456 1438 1497 Regum
1463 1454 1595 1496 septimo
1607 1453 1631 1493 ⁸,
1654 1453 1739 1496 quod
1762 1456 1900 1496 quatuor
1924 1453 1982 1485 viri
2008 1453 2122 1495 leprosi
2142 1456 2233 1486 erant
2249 1454 2281 1487 in

1320 1511 1411 1550 porta
1434 1507 1592 1540 Samariae
1615 1506 1653 1539 ad
1678 1506 1734 1539 has
1758 1509 1896 1549 quatuor
1911 1505 2103 1538 differentias
2117 1505 2281 1547 designan-

1320 1561 1384 1594 das.
1411 1561 1480 1594 ideo
1503 1564 1611 1594 autem
1642 1560 1742 1593 voluit
1772 1559 1925 1592 Dominus
1959 1558 2091 1591 mortale
2118 1561 2281 1600 peccatum

1321 1624 1377 1657 per
1402 1615 1520 1656 lepram
1544 1614 1719 1656 designari,
1743 1616 1798 1652 ut,
1822 1612 1905 1645 sicut
1930 1611 2018 1653 lepra
2045 1611 2166 1653 fugitur
2195 1614 2227 1644 et
2249 1611 2282 1644 in

1322 1678 1355 1702 se
1378 1671 1410 1701 et
1432 1668 1465 1700 in
1489 1667 1664 1706 consortio,
1689 1667 1733 1699 sic
1757 1670 1788 1699 et
1811 1668 1986 1708 peccatum.

1412 1721 1465 1755 37.
1490 1721 1548 1754 Per
1572 1724 1697 1754 tactum
1719 1719 1904 1753 dominicae
1927 1728 2051 1753 manus
2080 1719 2283 1763 intelligimus
2305 1727 2362 1757 Quid
2377 1730 2434 1760 iaetu„

1323 1776 1531 1810 visitationem
1547 1775 1670 1811 divinae
1686 1776 1819 1820 gratiae,
1836 1785 1931 1821 quam
1948 1775 2074 1820 petebat
2091 1774 2281 1817 Propheta9:
2294 1762 2371 1805 ιῗῗὲἒέῗ
2380 1756 2435 1778 ‘¹⁰³¹'

1329 1844 1344 1860 «π
1361 1830 1472 1864 Emitte
1496 1840 1625 1864 manum
1652 1835 1738 1864 tuam
1761 1832 1800 1865 de
1824 1832 1887 1865 alto
1911 1836 1942 1866 et
1965 1832 2052 1874 eripe
2075 1840 2125 1865 me
2143 1843 2173 1872 »;
2198 1827 2282 1875 quia,

1322 1885 1404 1918 sicut
1419 1884 1535 1918 dicitur
1551 1885 1589 1917 ad
1607 1885 1761 1918 Romanos
1778 1886 1920 1928 septimo,
1942 1886 2081 1919 «infelix
2104 1896 2162 1929 ego
2180 1886 2283 1926 homo,

1322 1938 1394 1980 quis
1417 1947 1467 1970 me
1491 1938 1637 1971 liberabit
1667 1939 1706 1971 de
1738 1948 1870 1981 corpore
1897 1939 2009 1973 mortis
2032 1939 2153 1973 huius?
2177 1939 2284 1972 Gratia

1322 1991 1376 2024 Dei
1401 2000 1458 2033 per
1481 1991 1584 2024 lesum
1614 1991 1775 2024 Christum
1808 1992 1974 2025 Dominum
2007 1996 2150 2026 nostrum
2171 2006 2200 2025 n.
2227 1993 2284 2026 Per

1322 2045 1483 2079 Christum
1518 2045 1601 2077 enim
1625 2045 1723 2087 tangit
1746 2054 1803 2078 nos
1825 2055 1939 2079 manus
1974 2046 2097 2086 divina,
2126 2046 2285 2089 quomodo

1322 2099 1438 2132 dicitur
1461 2098 1661 2131 Canticorum
1692 2098 1803 2141 quinto
1817 2099 1860 2132 ¹⁰:
1890 2113 1906 2128 «
1923 2099 2062 2133 Dilectus
2085 2109 2176 2133 meus
2199 2100 2283 2134 misit

1322 2161 1449 2185 manum
1476 2161 1565 2185 suam
1589 2160 1646 2194 per
1669 2151 1809 2185 foramen
1827 2166 1858 2192 »,
1882 2153 1913 2186 id
1937 2156 1984 2186 est
2007 2153 2140 2195 gratiam
2164 2162 2221 2196 per
2237 2153 2284 2186 fo-

1324 2215 1431 2239 ramen
1456 2205 1563 2238 lateris
1586 2205 1721 2245 Christi,
1745 2205 1829 2239 unde
1866 2206 2030 2249 profluunt
2065 2207 2282 2250 Sacramenta,

1329 2262 1391 2297 aot
1424 2262 1532 2298 venter
1563 2258 1792 2307 intremiscit»,
1825 2259 1900 2304 quia
1933 2260 2011 2296 haec
2046 2260 2147 2307 gratia
2181 2260 2283 2308 primo

1322 2318 1406 2362 parit
1429 2321 1663 2365 contritionem
1689 2317 1771 2358 unde
1804 2325 1834 2357 ln
1873 2320 2005 2355 Psalmo:
2036 2319 2127 2362 «Qui
2156 2319 2284 2362 respicit

1323 2377 1439 2408 terram
1464 2380 1495 2410 et
1518 2377 1590 2411 facit
1614 2388 1681 2412 eam
1707 2384 1860 2418 tremere;
1886 2372 1940 2420 qui
1965 2374 2064 2418 tangit
2088 2376 2228 2412 montes,
2253 2375 2285 2405 et

1321 2425 1475 2470 fumigant
1491 2444 1522 2469 »‚
1539 2432 1777 2474 quiavcontritio
1792 2432 1902 2465 ssetum
1920 2430 2011 2473 parit.
2027 2444 2068 2453 -
2083 2426 2140 2460 Sed
2158 2426 2194 2459 ad
2213 2427 2284 2466 hoc,
2307 2432 2405 2481 recgagog
2417 2431 2436 2454 vi

1327 2484 1362 2513 ut
1394 2478 1433 2514 ad
1468 2483 1564 2517 istum
1599 2488 1716 2519 statum
1757 2484 1920 2528 perveniat
1943 2485 2110 2525 peccator,
2146 2481 2284 2522 oportet,
2360 2465 2371 2482 ε

1287 2534 1291 2584 1
1323 2535 1411 2577 quod
1435 2545 1506 2570 cum
1543 2535 1666 2580 leproso
1700 2539 1811 2572 videat
1846 2538 1946 2570 Deum
1982 2544 2039 2578 per
2074 2534 2186 2572 fidem;
2221 2530 2286 2574 pri—

1286 2589 1290 2618 l
1320 2597 1388 2622 mae
1413 2590 1452 2622 ad
1476 2591 1653 2626 Corinthios
1669 2593 1794 2627 decimo
1818 2590 1966 2624 tertioss:
1997 2602 2012 2617 «
2027 2587 2176 2620 Videmus
2201 2592 2286 2618 nunc

1318 2656 1374 2692 per
1398 2646 1562 2693 speculum
1587 2647 1618 2680 in
1642 2647 1822 2691 aenigmate
1840 2655 1871 2683 »;
1896 2645 2037 2685 oportet,
2062 2639 2147 2683 quod
2175 2637 2287 2681 proci-
2305 2644 2410 2667 procidat-

1318 2704 1375 2736 dat
1399 2713 1456 2747 per
1481 2702 1643 2741 timorem;
1670 2702 1827 2736 Psalmus:
1861 2710 1880 2729 ι(
1897 2696 2009 2729 COram
2040 2694 2093 2727 5¹¹0
2125 2691 2288 2736 ΡΓΟΕῙᾶθΠῑ

987 2798 1574 2813 Ἢ

357 2861 365 2877 ¹
388 2864 462 2889 Vers.
483 2864 512 2897 t,
533 2864 577 2890 ubi
599 2872 649 2897 pro
669 2862 841 2898 infirmitates
864 2865 974 2898 Vulgata
995 2865 1101 2895 dolores
1120 2871 1249 2904 nostros,-

284 2907 332 2932 csr.
351 2910 437 2932 tamen
458 2908 543 2933 Mattli.
565 2910 595 2941 8,
617 2909 660 2934 17.
680 2922 715 2926 -—
735 2907 852 2934 Subinde
872 2910 998 2942 allegatur
1017 2911 1092 2937 Eccli.
1113 2907 1145 2938 3¹8
1155 2906 1252 2945 ,³312

278 2951 411 2983 Superius
430 2958 478 2983 pro
493 2952 673 2985 praedicabat
691 2954 711 2979 Α
730 2952 908 2987 praedicebat.

354 2994 364 3008 ²
384 2996 416 3021 Ut
436 2996 581 3022 insinuatur
601 2999 616 3023 l.
637 2997 699 3024 Cor.
719 2998 743 3028 ⁴,
764 2997 806 3023 24.
823 3012 857 3016 —
878 2998 935 3024 Duo
955 3007 1029 3034 seqq.
1050 3001 1099 3028 loci
1123 3000 1185 3029 sunl.
1206 3003 1253 3030 133.-

278 3039 331 3072 aa,
351 3040 375 3065 6.
396 3044 421 3066 ei
440 3041 494 3066 isai.
516 3041 564 3073 49,
585 3043 608 3068 6.

306 3127 310 3131 .
356 3083 366 3098 '³
384 3086 457 3111 vers.
478 3087 520 3111 23.
539 3100 574 3106 —
593 3088 719 3121 Sequitur
736 3088 790 3114 Gal.
812 3088 835 3122 t,
860 3088 897 3115 10.
912 3102 948 3108 -
960 3090 1069 3117 interius
1088 3099 1137 3124 pro
1149 3098 1247 3127 appro-

278 3129 432 3163 pinquandi
449 3129 467 3156 C
478 3131 531 3156 ΒΗ
550 3133 776 3166 approoeimandi.

352 3171 362 3186 ⁴
383 3173 458 3200 Vers.
477 3175 501 3200 6.
522 3190 555 3194 —-
576 3177 706 3203 Sententia
721 3178 848 3204 Bernurdi
863 3178 974 3205 habetur
988 3180 1071 3206 Serm.
1086 3180 1128 3207 40.
1142 3180 1167 3207 in
1181 3180 1247 3208 Can-

281 3216 322 3242 tic.
342 3224 368 3242 n.
387 3218 411 3243 4.
432 3219 528 3245 Textus
546 3221 681 3253 originalis
701 3226 758 3255 post
776 3223 825 3250 sed
835 3223 934 3258 spiritu
948 3226 1022 3257 plura
1037 3226 1118 3252 addit.
1132 3227 1151 3252 E
1164 3227 1242 3253 codd.

280 3262 374 3288 nostris
393 3263 415 3288 D
434 3264 459 3297 (a
478 3266 592 3291 secunda
622 3267 712 3300 manu)
732 3268 794 3300 legit
813 3270 845 3296 ut
864 3268 918 3296 soli
936 3270 1049 3297 Domino
1075 3278 1124 3303 pro
1143 3273 1175 3299 ut
1191 3271 1244 3299 soli

280 3306 414 3339 omnium,
437 3309 482 3341 qui
502 3310 579 3335 etiam
600 3310 713 3338 subinde
727 3319 776 3344 pro
795 3315 821 3340 et
838 3313 939 3341 intimis
959 3322 1020 3341 cum
1039 3315 1090 3342 CG
1109 3315 1243 3343 substituit

279 3350 443 3384 etinimicis,
458 3360 488 3379 ac
502 3357 561 3385 post
573 3354 620 3381 sed
632 3358 718 3383 mente
731 3364 792 3383 cum
812 3358 832 3383 Α
843 3358 862 3385 C
872 3359 893 3385 G
904 3359 925 3385 Η
944 3360 1039 3386 omittit
1051 3367 1106 3387 non
1119 3367 1240 3396 corpore.

350 3393 361 3408 ⁶
380 3396 453 3428 Quae
472 3398 513 3423 hic
533 3398 568 3431 (n.
588 3399 689 3433 36-40.)
710 3400 743 3426 de
763 3401 881 3428 miraculi
900 3403 1067 3436 lntelligentia
1082 3408 1204 3432 notantur
1216 3406 1240 3432 in

272 3437 298 3466 Β
318 3439 507 3467 desiderantur.
522 3456 555 3461 ——
568 3443 618 3469 Pro
633 3443 757 3471 latentem
773 3447 829 3472 Vat.
849 3450 874 3473 et
894 3448 982 3481 plures
995 3449 1075 3475 codd.
1089 3449 1239 3477 latentium.

1385 2870 1397 2886 ⁶
1416 2873 1490 2899 Vers.
1511 2875 1535 2900 8.
1555 2889 1590 2895 —
1609 2877 1732 2910 sequnui·
1751 2879 1842 2905 Ezech.
1863 2881 1912 2912 28,
1933 2880 1973 2906 46.-
1988 2875 2101 2907 LeV.‘13
2119 2878 2126 2890 ’
2140 2875 2284 2903 45:80103

1314 2913 1441 2943 habitabit
1459 2917 1608 2954 [leprosus]
1627 2925 1695 2947 extra
1717 2925 1800 2948 casu-a
1811 2933 1821 2954 ,-
1838 2924 1883 2950 csr.
1904 2922 1953 2955 44,
1973 2925 1998 2951 3.
2017 2927 2043 2950 et
2063 2917 2087 2947 8¹-

1384 2957 1394 2975 ⁷
1416 2961 1489 2988 Vers.
1509 2964 1533 2988 2.
1554 2970 1628 2998 seqq.
1648 2964 1699 2992 Csr.
1719 2964 1845 3001 Origem,
1860 2969 1955 2995 Homil.
1969 2969 1993 2995 8.
2007 2969 2035 2995 in
2051 2971 2116 2997 Lev.
2133 2973 2157 2995 n.
2171 2967 2196 2996 ὃ.
2211 2971 2290 3005 seqq.

1383 3002 1396 3019 ⁵
1413 3005 1488 3032 Vers.
1508 3007 1533 3033 3.
1552 3022 1588 3028 —
1606 3009 1714 3036 lnferius
1733 3015 1789 3042 pro'
1810 3011 1919 3046 fuyitar
1939 3012 1983 3046 (ita
2004 3014 2037 3048 D)
2061 3015 2105 3041 alii
2125 3012 2207 3040 codd1
2225 3019 2269 3041 cm
2285 3020 2292 3025 ·

1310 3048 1435 3083 fugitur,
1454 3050 1512 3077 Vat.
1530 3051 1628 3087 inficit,
1650 3056 1676 3080 et
1694 3054 1814 3086 subinde'
1827 3054 2031 3088 mammon-iio
2067 3059 2089 3084 D
2119 3057 2146 3091 (a
2165 3056 2283 3084 secunda

1311 3094 1405 3128 manu)
1419 3095 1557 3129 consocio,
1577 3097 1599 3122 Η
1618 3098 1761 3132 conformi.

1381 3132 1393 3152 ⁹
1411 3139 1505 3166 Psalm.
1525 3139 1591 3174 ⁴43,
1610 3142 1641 3175 7,
1661 3147 1722 3175 post
1740 3151 1820 3177 quem
1843 3143 1924 3172 Rom:
1936 3146 1973 3178 7,-
1988 3147 2033 3174 24.
2278 3168 2280 3170 -

1381 3178 1496 3232 'U—Vers.
1519 3185 1548 3219 t,
1568 3185 1613 3212 ubi
1626 3194 1675 3220 pro
1688 3190 1714 3215 ec
1731 3190 1823 3216 venter
1841 3189 2001 3218 intremiscit
2019 3192 2137 3225 Vulgata
2158 3194 2183 3219 et
2195 3195 2287 3220 venter

1307 3234 1387 3255 meus
1403 3229 1550 3272 intremuit.
1571 3244 1606 3251 —
1625 3232 1748 3265 Sequitur
1767 3234 1808 3259 Ps.
1829 3234 1895 3266 ⁴03,
1909 3235 1951 3261 32.
1964 3245 2004 3255 —·
2013 3237 2140 3270 Superius
2167 3244 2217 3269 pro
2230 3244 2300 3265 man

1309 3280 1359 3300 rus
1388 3273 1479 3302 diuina
1507 3274 1590 3302 CDH
1618 3283 1718 3304 manus
1746 3277 1896 3312 dominica,
1916 3279 1948 3306 et‘
1961 3280 2112 3309 immediate
2135 3289 2161 3315 pt
2177 3285 2210 3308 ist
2235 3289 2285 3315 pro

1306 3318 1439 3352 quomodo
1459 3317 1555 3347 dicitur
1578 3321 1667 3353 plures
1685 3322 1763 3348 codd.
1792 3323 1900 3357 quando
1920 3324 2019 3352 dt'citur
2039 3325 2072 3360 [Η
2090 3326 2181 3362 dicitj,
2218 3327 2243 3353 in
2262 3327 2284 3353 D

1306 3364 1427 3407 secunda·
1441 3371 1535 3391 manus
1554 3364 1720 3393 substituisse
1738 3367 1843 3394 videtur
1862 3369 1991 3403 quomam
2010 3369 2110 3398 dtaitur

1378 3406 1399 3422 ¹¹
1420 3408 1500 3452 Vera.⁴
1518 3408 1559 3433 μὶ.
1579 3422 1613 3429 -
1632 3410 1750 3443 Quatuor
1768 3411 1816 3438 loci
1836 3419 1910 3446 seqq.
1934 3416 1994 3439 sunt
2014 3414 2053 3440 Ps.
2072 3412 2115 3447 Ἠ,
2136 3415 2170 3448 9;
2188 3415 2207 3441 P
2222 3422 2281 3443 cov.

1305 3452 1338 3478 29
1378 3452 1426 3478 25.
1451 3452 1502 3479 ubl·
1520 3458 1572 3485 pros
1590 3453 1742 3481 salvabitur
1767 3454 1816 3488 [lta
1842 3460 1904 3481 cum
1930 3454 2100 3490 Septuaginta
2123 3457 2280 3495 ACGEU,
