2476 3921
203 864 333 886 Notandum.

195 1615 267 1638 placat
273 1622 300 1643 ap
304 1622 350 1643 pro-

202 1643 272 1664 bando
287 1643 339 1663 mise
346 1654 349 1656 Δ

348 290 412 322 402

349 378 415 411 sive
443 377 577 415 Paulus,
609 376 674 409 sive
704 375 829 418 Apollo,
854 375 920 408 sive
943 374 1138 417 praesentia,
1163 374 1229 407 sive
1260 373 1310 406 fu-

351 436 432 464 tura.
457 430 569 463 Omnia
592 433 696 462 vestra
719 431 811 468 sunt,
837 437 892 461 vos
915 431 1021 463 autem
1052 427 1188 466 Christi,
1219 427 1310 459 Chri-

351 487 419 516 stus
442 486 546 515 autem
571 482 625 515 Dei
642 494 673 520 »;
705 481 798 524 quia,
830 481 911 514 sicut
942 480 1058 513 dicitur
1086 480 1125 513 ad
1156 480 1311 512 Romanos

351 539 477 575 octavo,
508 535 592 577 «qui
625 535 754 577 proprio
785 534 859 566 Filio
883 543 945 566 non
977 533 1134 576 pepercit,
1166 533 1221 565 sed
1240 541 1311 574 -pro

352 590 442 623 nobis
475 590 620 622 omnibus
657 588 783 621 tradidit
817 597 908 626 eum,
941 587 1098 630 quomodo
1129 595 1192 619 non
1217 586 1311 618 etiam

353 652 424 676 cum
451 643 502 675 illo
520 642 629 675 omnia
652 641 742 674 nobis
771 641 899 673 donavit
914 644 952 672 n?
983 641 1058 673 Vult
1089 649 1165 682 ergo
1189 639 1311 678 dicere,

353 696 455 739 quod,
480 696 551 728 licet
576 704 689 737 magna
719 704 781 727 non
812 694 972 732 ostendat,
997 690 1101 726 tamen
1126 701 1238 734 magna
1262 700 1312 724 re-

354 752 476 788 servat,
500 748 673 781 secundum
701 747 779 780 illud
807 747 901 780 Isaiae
932 746 1128 788 sexagesimo
1151 748 1265 787 quarto
1280 745 1311 775 ¹:

360 802 510 835 «Oculus
532 811 594 834 non
627 801 722 840 vidit,
753 801 855 839 Deus,
887 800 1006 842 absque
1039 803 1085 838 te,
1117 807 1199 841 quae
1222 807 1314 840 prae-

354 856 470 898 parasti
502 854 759 896 exspectantibus
790 857 820 886 te
845 867 875 885 ».
908 853 1019 885 Omnia
1050 861 1126 894 ergo
1157 855 1231 884 sunt
1254 851 1313 883 viri

354 908 446 946 iusti,
471 907 519 939 vel
544 907 573 939 in
600 916 651 945 re,
676 907 724 939 vel
754 906 785 939 in
817 915 881 948 spe.
914 906 989 938 Nam
1022 914 1094 937 cum
1126 905 1188 937 sint
1219 912 1314 945 quae-

354 961 424 993 dam
456 960 653 1002 superiora,
686 959 839 1001 quaedam
865 957 1051 1001 inferiora,
1075 957 1228 1000 quaedam
1252 966 1314 998 pa-

355 1014 434 1051 ria;
457 1012 636 1054 superiora
660 1015 734 1045 sunt
758 1012 816 1044 viri
841 1011 914 1044 iusti
939 1011 977 1043 ad
1001 1010 1208 1053 fruendztm;
1233 1009 1313 1042 Psal-

357 1067 473 1100 mus²:
505 1079 520 1094 α
541 1066 625 1098 Deus
660 1065 763 1098 cordis
792 1064 852 1097 mei
889 1068 920 1097 et
954 1073 1027 1106 pars
1062 1073 1131 1096 mea
1165 1064 1249 1095 Deus
1283 1062 1314 1094 in

356 1123 519 1153 aeternum
537 1133 566 1151 n.
592 1118 775 1161 Aequalia,
800 1117 905 1159 Angeli
930 1117 1064 1155 scilicet,
1089 1117 1162 1149 iusti
1187 1119 1261 1148 sunt
1276 1115 1313 1147 ad

357 1172 630 1206 coadiuvandum
642 1184 654 1210 ;
678 1171 716 1204 ad
740 1171 895 1203 Hebraeos
919 1170 1040 1212 primo:
1071 1169 1218 1202 «Omnes
1242 1172 1316 1201 sunt

356 1224 611 1258 administratorii
644 1224 792 1266 spiritus,
824 1223 855 1255 in
887 1223 1096 1256 ministerium
1129 1222 1215 1254 missi
1243 1231 1315 1263 pro-

359 1282 426 1320 pter
450 1287 503 1311 eos
527 1278 581 1320 qui
606 1277 810 1310 hereditatem
828 1276 950 1318 capie‘nt
966 1276 1076 1308 salutis
1091 1289 1121 1307 ».
1144 1273 1316 1317 Inferiora

358 1332 431 1365 iusti
457 1336 531 1364 sunt
555 1331 594 1363 ad
626 1331 785 1363 utendam
809 1332 840 1362 et
863 1329 1128 1366 dominandum;
1153 1328 1315 1361 Psalmus:

363 1385 475 1426 «Quid
499 1388 546 1417 est
569 1384 680 1422 homo,
705 1383 789 1426 quod
822 1391 943 1415 memor
974 1391 1008 1415 es
1039 1382 1125 1421 eius,
1152 1385 1208 1414 aut
1231 1381 1316 1413 filius

359 1438 510 1477 hominis,
534 1438 681 1480 quoniam
706 1437 813 1469 visitas
836 1445 908 1469 eum
928 1439 964 1468 »?
986 1449 1001 1464 a
1020 1435 1133 1467 Omnia
1156 1434 1316 1468 subiecisti

359 1491 419 1523 sub
442 1490 574 1532 pedibus
597 1491 665 1523 eius
682 1503 696 1518 »
726 1493 784 1522 etc.
811 1489 846 1521 Et
870 1489 901 1520 in
926 1489 986 1521 boc
1008 1491 1139 1530 apparet
1159 1488 1241 1520 mira
1264 1496 1317 1529 pa-

361 1544 417 1576 tris
442 1544 665 1576 benevolentia.

449 1598 501 1629 52.
527 1597 628 1638 (Vers.
653 1596 730 1636 32).
757 1596 859 1628 placat
890 1594 983 1627 etiam
1014 1592 1232 1636 approbando
1256 1593 1318 1633 im;

202 1670 323 1691 morafiam,
356 1660 497 1692 pensam
528 1649 817 1687 misericordiam,
850 1657 921 1680 cum
954 1647 1136 1689 subiungit:
1175 1638 1320 1688 Epulufti

258 2348 284 2369 Di
288 2355 296 2369 r
300 2347 346 2369 isio.

911 284 1105 318 COMMENT.
1130 285 1167 318 ΙΝ
1191 283 1430 317 EVANGELIUM
1453 282 1571 316 LUCAE
1595 282 1627 315 C.
1651 282 1726 315 XVI.

1374 375 1483 405 autem
1519 371 1686 414 oportebat
1720 374 1750 403 et
1778 370 1944 414 yaudere,
1977 370 2106 404 caritate
2130 370 2248 404 scilicet
2278 379 2335 403 ur—

1374 428 1483 469 gente,
1507 425 1582 468 quia
1605 425 1720 458 caritas
1742 427 1790 457 est
1813 433 1895 466 quae
1918 423 2001 466 cogit
2024 424 2063 457 de
2086 424 2168 457 bono
2187 424 2334 466 gaudere.

1374 479 1460 512 Unde
1496 478 1660 520 Apostolus
1695 476 1851 510 secundae
1885 476 1924 509 ad
1959 476 2138 509 Corinthios
2176 476 2334 519 quinto⁸:

1380 545 1395 560 α
1413 532 1483 564 Sive
1506 534 1610 564 mente
1633 529 1818 563 excedimus
1841 530 1923 568 Deo,
1947 529 2013 562 sive
2037 529 2133 562 sobrii
2150 537 2262 562 sumus
2282 538 2337 561 va

1375 585 1433 618 bis.
1458 584 1577 616 Caritas
1601 583 1684 616 enim
1708 583 1824 616 Christi
1849 585 1943 624 urget
1966 591 2024 615 nos
2040 595 2070 614 n.
2097 582 2132 614 Et
2155 582 2236 615 sicut
2257 581 2337 615 cari-

1376 638 1449 670 tatis
1471 640 1519 670 est
1542 637 1601 669 urz·
1623 636 1661 669 de
1685 636 1786 669 alieno
1809 635 1972 674 scandalo,
1997 634 2171 667 secundum
2194 634 2272 667 illud
2288 643 2337 668 se-

1376 689 1497 722 cundae
1513 688 1549 721 ad
1567 688 1745 720 Corinthios
1761 688 1928 721 undecimo
1943 699 1949 719 :
1972 700 1987 715 <1
2004 687 2081 728 Quis
2097 686 2337 725 scandalizatur,

1377 747 1408 775 et
1439 751 1497 784 ego
1527 751 1590 774 non
1618 750 1697 774 uror
1713 744 1752 773 »t
1775 741 1820 774 sic
1844 740 1967 773 laetari
1988 744 2018 773 et
2044 739 2138 782 refici
2167 739 2206 772 de
2237 739 2338 772 alieno

1378 795 1526 827 remedio.
1541 812 1582 818 -
1597 794 1667 827 ldeo
1679 793 1771 827 dicit:
1791 793 1880 834 Quia
1894 792 2005 835 frater
2022 796 2100 825 tuus
2117 791 2170 825 hic
2185 796 2340 825 mortuus
2357 801 2428 836 nano.

1377 847 1519 891 fuerat*
1543 852 1572 880 et
1596 847 1735 886 revixit,
1763 847 1911 890 perierat
1934 850 1962 879 et
1987 846 2139 879 inventus
2162 850 2228 884 est;
2250 855 2340 878 mor—

1380 907 1458 934 tuas
1481 900 1612 943 fuerat,
1636 900 1813 933 deserendo
1838 899 2027 939 Christum,
2053 899 2107 942 qui
2131 893 2170 932 de
2201 907 2235 932 se
2265 898 2340 931 dicit

1379 955 1502 987 loannis
1524 954 1646 986 decimo
1670 953 1831 996 quarto⁵:
1862 966 1877 981 ιι
1895 953 1956 995 Ego
1980 961 2051 985 sum
2077 952 2144 991 via,
2169 952 2286 985 veritas
2308 954 2340 984 et

1379 1009 1443 1040 vita
1460 1020 1490 1046 »;
1514 1011 1546 1040 et
1569 1007 1694 1049 primo:
1725 1020 1741 1035 α
1757 1007 1828 1039 Vita
1850 1009 1919 1039 erat
1942 1006 1998 1038 lux
2023 1005 2185 1038 hominum
2204 1018 2234 1037 n.
2260 1005 2342 1037 Per-

1379 1061 1483 1100 ierat,
1509 1060 1656 1092 amando
1677 1064 1869 1102 peccatam,
1894 1059 1983 1101 quia,
2010 1058 2214 1091 Ecclesiastici
2230 1058 2342 1097 tertio,

1385 1127 1401 1143 «
1417 1114 1470 1156 qui
1494 1116 1579 1146 amat
1601 1113 1779 1155 periculum
1813 1112 1928 1154 peribit
1951 1112 1983 1144 in
2007 1112 2060 1144 illo
2076 1125 2107 1143 n.
2129 1111 2261 1144 Reoiaeit
2285 1120 2343 1143 au-

1380 1170 1458 1206 tem,
1482 1166 1650 1199 redeundo
1674 1166 1720 1198 ad
1745 1164 1871 1198 Christi
1890 1165 2066 1207 9ratiam;
2091 1164 2213 1197 Ioannis
2244 1164 2343 1197 unde—

1381 1221 1484 1254 cimo:
1514 1232 1529 1248 α
1547 1220 1609 1261 Ego
1641 1229 1711 1252 sum
1741 1219 1934 1252 resurrectio
1957 1222 1989 1251 et
2014 1218 2076 1250 vita
2093 1231 2109 1247 2>
2137 1220 2195 1250 etc.
2222 1218 2262 1250 Et
2292 1217 2344 1250 in—

1380 1278 1496 1306 ventus
1519 1277 1585 1311 est,
1610 1272 1777 1305 redeundo
1801 1272 1848 1304 ad
1866 1271 2123 1314 poenitentiam,
2148 1270 2230 1304 sicut
2245 1279 2344 1313 supra

1381 1327 1489 1360 eodem
1502 1327 1515 1346 ‘³
1540 1327 1666 1358 inventa
1689 1325 1749 1358 fuit
1773 1325 1923 1363 ovicula,
1945 1325 2072 1357 inventa
2088 1323 2181 1357 etiam
2198 1323 2257 1356 fuit
2273 1332 2345 1366 per-

1380 1381 1445 1413 dita
1468 1379 1643 1412 drachma.
1662 1379 1698 1412 Et
1714 1379 1783 1411 ideo
1799 1378 1934 1420 epulari
1949 1377 2120 1420 oportebat
2134 1381 2164 1409 et
2177 1376 2345 1420 qaudere,

1381 1434 1473 1476 quia,
1498 1433 1580 1466 sicut
1603 1441 1700 1474 supra
1723 1432 1842 1464 dictum
1860 1435 1907 1464 est
1923 1431 2032 1464 eodem
2049 1431 2078 1470 ⁷,
2099 1443 2115 1458 «
2131 1429 2282 1472 gaudium
2298 1432 2347 1462 est
2398 1448 2401 1450 -

1382 1487 1504 1529 Angelis
1515 1486 1569 1519 Dei
1584 1495 1680 1527 super
1693 1494 1758 1518 uno
1770 1489 1934 1527 peccatore
1950 1484 2173 1526 poenitentiam
2191 1485 2301 1525 agente
2313 1495 2346 1521 »‚

1381 1540 1531 1583 gaudium
1556 1539 1648 1572 etiam
1667 1538 1782 1580 pastori
1800 1538 1838 1571 de
1854 1547 1930 1577 ove,
1948 1537 2097 1579 gaudium
2115 1536 2259 1569 similiter
2275 1544 2347 1568 mu-

1381 1593 1449 1626 lieri
1474 1593 1513 1625 de
1536 1592 1704 1625 drachma:
1729 1601 1804 1634 ergo
1828 1591 1928 1624 multo
1944 1590 2059 1623 fortius
2081 1589 2231 1632 gaudium
2255 1588 2348 1621 debet

1382 1655 1450 1679 esse
1474 1646 1562 1678 tratri
1587 1645 1625 1678 de
1648 1645 1746 1678 fratre
1771 1644 1829 1678 su'o
1853 1648 1884 1677 et
1906 1644 1988 1686 patri
2017 1643 2057 1676 de
2085 1643 2149 1675 filio
2173 1642 2347 1675 reinvento.

1222 1805 1405 1838 CAPrrumM
1430 1805 1493 1837 XVI
1498 1830 1504 1836 .

395 1967 583 1996 Commendatio
602 1967 628 1993 ot
647 1966 779 2001 persuasio
797 1965 908 2000 pietatis
926 1965 1052 1992 humanae
1071 1964 1233 1991 describitur
1252 1972 1296 1998 por

506 2011 657 2038 documenta
675 2010 701 2037 ot
720 2009 836 2044 exempla.
854 2009 1002 2044 parabolica
1021 2008 1102 2044 quoad
1121 2008 1179 2035 duo.

458 2129 485 2159 1.
510 2125 644 2159 Dicebat
674 2129 785 2158 autem
814 2128 842 2157 et
873 2125 919 2157 ad
949 2124 1130 2166 discipulos
1158 2133 1238 2155 suos
1265 2126 1323 2155 etc.

369 2182 437 2214 Post
459 2179 694 2221 expressionem
727 2178 894 2220 impietatis
923 2177 1063 2209 Iudaicae
1087 2180 1118 2209 et
1141 2176 1324 2208 notificatio-

368 2242 439 2266 nem
470 2232 593 2275 pietatis
626 2231 749 2264 divinae
785 2230 1016 2263 subintroducit
1048 2229 1099 2262 hic
1132 2229 1325 2271 Evangelista

367 2285 680 2319 commendationem
705 2289 733 2316 et
762 2283 1011 2326 persuasionem
1040 2283 1173 2324 pietatis
1206 2281 1324 2314 hama-

366 2349 429 2372 nae
441 2339 464 2371 ⁸.
483 2339 519 2371 Et
535 2338 685 2371 dividitur
702 2346 775 2379 pars
791 2337 849 2369 ista
866 2337 896 2369 in
913 2337 1001 2371 duas.
1020 2336 1051 2368 ln
1069 2345 1206 2378 quarum
1223 2336 1325 2377 prima

366 2391 575 2434 persuadetur
598 2391 673 2433 ipsis
697 2390 857 2432 discipulis
880 2399 936 2432 per
960 2389 1074 2421 Christi
1091 2389 1278 2421 documenta
1294 2392 1326 2421 et

368 2454 423 2487 per
447 2444 592 2486 exempla
615 2443 792 2485 parabolica
815 2443 914 2484 pietas
937 2443 1075 2474 bumana
1099 2445 1253 2484 quantum
1286 2441 1324 2474 ad

367 2508 468 2540 opera
492 2497 708 2539 corporalia,·
731 2496 763 2528 in
786 2495 940 2533 secunda,
972 2498 1125 2537 quantum
1158 2495 1195 2527 ad
1224 2494 1325 2537 spiri-

369 2550 495 2588 tualia,
527 2549 609 2582 infra
639 2548 759 2581 decimo
791 2548 970 2590 septim022
999 2548 1036 2579 Et
1066 2547 1112 2579 ad
1143 2547 1325 2589 discipulos

368 2613 446 2635 suos
470 2603 518 2635 ait
542 2606 600 2635 etc.

443 2819 451 2834 ¹
474 2821 546 2845 Vcrs.
568 2820 590 2845 li.
611 2819 662 2845 Cir.
683 2821 699 2845 l.
718 2820 776 2845 Cor.
797 2821 827 2850 2,
848 2820 871 2844 9,

443 2863 453 2878 ²
474 2865 565 2890 Psalm.
585 2864 635 2894 72,
655 2865 697 2889 26.
717 2878 751 2883 —-
770 2864 835 2889 Tres
854 2871 927 2896 seqq.
948 2863 995 2889 loci
1016 2867 1076 2889 sunt
1095 2863 1173 2888 Hebr.
1189 2863 1212 2893 t,
1228 2862 1330 2894 ⁴123Ps.

374 2910 403 2939 8,
424 2909 447 2934 5.
467 2912 491 2934 et
511 2910 535 2933 8.
555 2923 586 2927 -—
608 2909 697 2933 Glossa
718 2907 860 2934 ordinaria
880 2908 921 2940 (ex
941 2907 1008 2933 Beda
1021 2918 1027 2938 ;
1041 2909 1088 2933 etr.
1102 2909 1226 2938 August,
1240 2899 1267 2931 ll.'
1281 2907 1329 2938 Qq.

372 2953 535 2984 Evangelior.
555 2960 580 2985 (Ι,
602 2953 643 2977 33.
664 2960 688 2977 n.
710 2952 761 2984 ⁴0.)
783 2952 853 2984 apud
874 2953 1023 2983 Lyranum:
1045 2950 1141 2977 Omnia
1162 2957 1221 2977 mea
1241 2954 1289 2975 etc.
1304 2951 1330 2974 ln

372 3001 475 3023 aeterna
504 2997 664 3022 beatitudine
683 3000 708 3022 et
727 2997 845 3022 omnium
869 2996 969 3027 singula
989 2999 1014 3021 ct
1041 2995 1204 3027 singulorum
1234 2994 1331 3019 omnia.

372 3043 462 3067 Nostra
482 3044 541 3066 sunt
559 3041 702 3074 superiora
721 3041 754 3066 ad
774 3041 918 3066 videndum
939 3040 1021 3074 [Beda
1035 3049 1040 3065 ε
1054 3038 1210 3072 vivendum]
1222 3048 1229 3069 ;
1243 3041 1330 3063 nostra

372 3089 448 3111 erunt
465 3085 590 3118 aequalia
610 3085 642 3111 ad
662 3085 856 3111 convivandum
882 3084 980 3118 [Beda:
1000 3083 1224 3114 convivendum);
1244 3085 1331 3107 nostra

373 3132 449 3155 erunt
468 3129 599 3163 inferiora
618 3130 650 3155 ad
671 3129 872 3155 dominandum.
889 3129 959 3154 Sicut
972 3128 1042 3153 enim
1056 3127 1186 3159 cupiditas
1199 3127 1261 3151 nihil
1275 3126 1331 3151 sine

373 3173 506 3204 angustia,
537 3173 569 3198 ita
591 3173 651 3198 nibil
670 3180 730 3198 cum
750 3173 870 3205 angustia
889 3172 983 3198 caritas
1003 3173 1079 3197 tenet.
1100 3185 1133 3189 —
1152 3170 1260 3195 Interius
1283 3177 1331 3201 pro

374 3216 471 3250 Anqeli
480 3215 587 3247 scilicet,
601 3216 667 3242 iusti
677 3218 741 3243 sunt
756 3217 812 3242 vat.
825 3215 925 3243 scilieet
935 3214 1035 3248 -Anyeli
1047 3216 1073 3240 et
1083 3215 1149 3240 sum
1160 3213 1244 3247 ipsius
1258 3213 1331 3239 iusti.

445 3259 455 3274 ³
475 3261 550 3285 Vers.
571 3260 613 3285 la.
631 3263 657 3285 et
676 3260 717 3286 ⁴4.
737 3260 797 3293 (pro
816 3261 869 3286 Deo
889 3261 977 3292 plures
996 3259 1073 3284 codd.
1087 3255 1182 3285 vobis).
1195 3271 1230 3276 —
1244 3257 1331 3290 Sequi-

376 3308 418 3331 tur
437 3305 465 3330 ll.
483 3303 542 3330 Cor.
563 3304 605 3334 it,
625 3305 667 3329 29.

445 3347 456 3362 ⁴¹
475 3350 508 3374 lta
528 3349 606 3373 etiam
632 3348 735 3374 Hieron.
764 3348 854 3381 (Epist.
875 3349 918 3373 21.
938 3347 999 3373 alias
1020 3347 1078 3372 ¹46.
1099 3354 1124 3371 n.
1145 3346 1216 3379 38.):
1235 3347 1282 3372 etr.
1302 3347 1330 3371 B.

374 3393 471 3419 A-lbert.
491 3397 516 3418 et
534 3394 682 3423 Gorran1133
713 3393 769 3418 Vat.
790 3397 815 3418 et
834 3393 944 3423 Vulgata
970 3393 1048 3423 crot;
1070 3391 1138 3416 idem
1158 3391 1269 3416 occurrit
1290 3398 1330 3416 su-

375 3444 422 3469 pra
442 3444 502 3469 pag.
524 3438 590 3467 398,
610 3440 669 3461 nota
689 3437 713 3461 6.

1407 1963 1507 1997 Primo,
1527 1963 1556 1989 do
1574 1962 1674 1997 pietate
1693 1963 1807 1989 humana
1825 1962 1907 1997 quoad
1927 1970 2002 1997 opera.
2021 1960 2163 1996 corporalia
2181 1958 2337 1995 tripliciter.

1481 2070 1555 2101 Pars
1572 2068 1673 2111 prima
1689 2068 1827 2101 continet
1843 2077 1992 2109 praesens
2008 2068 2182 2109 capitulum
2195 2093 2202 2106 ,
2219 2066 2302 2109 quod
2319 2066 2351 2099 in

1391 2126 1456 2155 tres
1480 2125 1585 2163 partes
1607 2120 1822 2163 distinguitur.
1841 2121 1872 2153 ln
1890 2129 2027 2162 quarum
2046 2120 2148 2162 prima
2164 2119 2352 2162 proponitur

1390 2175 1575 2217 exemplum
1584 2174 1819 2217 parabolicum
1829 2173 1963 2216 pietatis
1977 2173 2148 2215 providae.
2167 2173 2199 2205 In
2216 2172 2354 2206 secunda

1390 2229 1515 2261 elicitur
1532 2228 1764 2260 documentum
1779 2226 1912 2269 pietatis
1925 2225 2101 2268 perfectae,
2119 2225 2161 2258 ibi
2177 2226 2220 2257 ¹⁰:
2239 2226 2280 2258 Et
2294 2235 2353 2268 eyo

1390 2282 1463 2314 dico
1485 2281 1595 2313 vobis:
1621 2280 1734 2313 Facite
1757 2283 1815 2313 etc.
1834 2280 1866 2312 In
1882 2279 1975 2312 tertia
1991 2278 2155 2321 subiungit
2170 2278 2355 2320 exemplum

1390 2334 1570 2376 impietatis
1582 2334 1733 2376 punitae,
1752 2333 1812 2365 ibi:
1831 2332 1934 2365 Homo
1951 2331 2090 2376 quidam
2105 2335 2180 2364 erat
2191 2331 2281 2364 dives
2293 2333 2353 2364 etc.

1556 2447 1706 2486 Exemplum
1724 2446 1901 2483 parabolicum
1918 2445 2030 2482 pietatis
2049 2445 2180 2481 providae.

1479 2547 1568 2579 Circa
1590 2546 1776 2589 exemplam
1792 2546 1889 2588 igitur
1902 2545 2038 2588 pietatis·
2058 2545 2240 2587 providae,
2265 2544 2349 2586 quod

1390 2600 1578 2642 proponitur
1603 2600 1686 2632 circa
1710 2599 1867 2638 villicum,
1892 2599 1947 2640 qui
1971 2598 2030 2631 suit
2054 2598 2092 2631 de
2118 2597 2206 2631 bonis
2237 2597 2354 2630 domini

1464 2816 1476 2831 ⁶
1496 2818 1569 2842 Vers.
1584 2818 1608 2842 6.
1629 2831 1661 2834 —
1682 2816 1800 2842 Subinde
1819 2817 1963 2848 allegantur
1983 2817 2052 2842 loan.
2072 2816 2096 2846 t,
2117 2815 2149 2847 4;
2170 2814 2246 2841 Eccli.
2265 2815 2296 2845 3,
2310 2813 2354 2839 27.

1394 2864 1419 2887 et
1438 2862 1505 2886 toan.
1526 2861 1567 2891 tt,
1587 2861 1630 2886 25.
1651 2875 1684 2879 —
1703 2861 1792 2886 Plures
1811 2860 1903 2891 codd„
1924 2863 1952 2885 ut
1970 2860 2066 2890 ACD,
2086 2859 2209 2885 omittunt
2227 2859 2302 2885 loun.
2324 2856 2356 2884 1.·

1398 2904 1457 2930 Vita
1476 2905 1537 2930 erat
1555 2904 1605 2930 tum
1619 2903 1767 2930 hominum.
1788 2903 1923 2936 Perierat,
1945 2903 2064 2930 amando
2080 2904 2230 2937 peccatum.
2250 2901 2314 2928 Cod.
2335 2902 2356 2926 D

1394 2952 1482 2974 ameni
1511 2948 1619 2974 inferius
1643 2952 1703 2980 post
1723 2949 1778 2981 Eoo
1798 2955 1861 2974 sum
1879 2948 2043 2974 resurrectio
2063 2949 2087 2974 et
2105 2947 2162 2973 vita
2181 2950 2245 2978 etc.,
2265 2946 2354 2972 addit:

1395 2994 1461 3019 Item
1477 2993 1611 3027 perierat,
1627 3000 1679 3027 per
1697 2992 1872 3019 amissionem
1891 2992 2008 3019 iustitiae
2018 3002 2028 3025 ,·
2049 2993 2069 3018 H
2090 2991 2146 3025 (qui
2166 2992 2244 3017 etiarn
2264 2990 2358 3016 omise-

1395 3041 1435 3062 rat
1454 3037 1534 3064 Eccli.
1555 3036 1576 3064 3
1587 3046 1595 3063 :
1626 3037 1680 3069 Qui
1697 3039 1772 3063 amat
1788 3036 1943 3070 periculam
1961 3037 2021 3069 etc.)
2043 3037 2134 3062 addit:
2161 3035 2284 3062 Perierat
2305 3041 2359 3068 per

1395 3081 1470 3108 dem'a
1491 3081 1619 3108 vitiorum
1630 3091 1640 3114 ,·
1654 3081 1735 3108 Eccli.
1749 3080 1771 3108 5
1781 3090 1789 3107 .·
1812 3081 1865 3113 Qui
1875 3083 1953 3107 amat
1962 3080 2118 3115 periculum
2135 3079 2234 3114 peribit
2252 3079 2281 3106 in
2298 3079 2356 3105 illo.

1466 3125 1478 3140 θ
1497 3127 1574 3152 Vers.
1593 3126 1617 3151 5.
1638 3129 1663 3151 et
1682 3126 1706 3151 9.
1964 3118 1966 3123 ’

1466 3168 1476 3183 ⁷
1496 3171 1571 3195 Vers.
1589 3170 1615 3195 7.
1634 3173 1660 3195 et
1680 3170 1730 3200 403
1749 3169 1845 3195 deinde
1863 3169 2003 3202 respicitur
2017 3177 2041 3194 v.
2062 3169 2087 3194 6.
2106 3171 2132 3194 et
2151 3169 2175 3193 9.
2195 3182 2229 3187 -
2249 3167 2358 3193 inferius

1396 3221 1444 3246 pro
1463 3213 1600 3240 reinvento
1620 3213 1668 3239 AC
1680 3214 1732 3239 ΒΗ
1752 3213 1868 3239 invento.

1467 3256 1478 3271 ⁸
1497 3257 1549 3284 Cir.
1568 3264 1648 3289 supra
1668 3264 1690 3283 c.
1713 3257 1753 3283 15.
1773 3264 1799 3283 n.
1822 3258 1847 3283 i.

1466 3300 1477 3315 ⁹
1499 3302 1571 3327 vers.
1593 3301 1616 3326 t.

1467 3344 1488 3360 ¹⁰
1508 3345 1582 3371 Vers.
1602 3345 1634 3377 93
1664 3345 1737 3370 tertia
1766 3352 1827 3376 pars
1855 3344 1944 3376 incipit
1964 3352 1989 3369 v.
2014 3345 2055 3369 ⁴9.
2074 3357 2110 3363 —
2129 3344 2255 3376 Superius
2274 3343 2356 3369 CDll

1395 3390 1517 3416 omittunt
1532 3388 1722 3423 parabolicum
1743 3389 1771 3421 (F
1787 3388 1966 3422 parabolice).
