2476 3921
196 925 271 947 Aliter.

125 1669 228 1691 Probatur
238 1676 275 1697 per

151 1697 254 1724 exempla.

298 248 362 280 308

295 334 378 376 quod
401 332 503 366 addit:
530 332 595 373 Qui
610 330 734 374 effusus
757 334 805 363 est
819 336 852 363 a·
865 330 1093 363 cmwtitutzone
1114 329 1254 369 mundi,

294 388 326 421 id
342 390 388 419 est
411 386 451 418 ab
474 385 561 418 initio
578 393 680 426 usqne
704 384 735 416 in
752 383 856 416 finem.
880 383 1085 426 Inquiretur,
1110 383 1254 425 inquam,

295 449 316 471 a
338 437 546 481 yeneracz'one
563 437 644 474 isla,
669 436 758 478 quasi
779 435 875 474 dicat,
900 435 985 477 quod
1001 435 1138 468 vindicta
1153 435 1254 468 omnis

294 491 452 533 sanguinis
476 490 573 522 sancti
597 489 655 521 viri
689 489 778 521 effusi
802 489 863 521 erit
894 497 990 530 super
1021 488 1255 529 generationem

296 544 494 581 ludaeorum,
511 542 585 583 quia
605 541 661 582 ipsi
679 540 859 573 effuderunt
883 540 1065 582 sanguinem
1091 540 1175 572 illius
1198 540 1253 581 qui

295 600 362 629 erat
391 609 405 624 «
422 596 553 627 Sanctus
575 595 762 627 Sanctorum
776 594 941 633 »‚<scilicet
964 593 1122 631 Christus,
1144 593 1254 625 Danie-

295 650 333 681 lis
356 658 437 681 nono
452 649 477 687 ¹;
501 651 532 680 et
550 651 635 689 post:
666 660 681 675 α
697 646 865 680 Occidetur
882 647 1044 685 Christus,
1068 650 1099 679 et
1115 655 1176 678 non
1194 645 1255 678 erit

295 702 362 734 eius
387 701 538 743 populus,
570 700 624 742 qui
653 709 726 733 eum
750 703 923 742 negaturus
951 703 998 732 est
1023 713 1052 732 n.
1078 699 1163 732 Unde
1194 698 1251 740 ipsi

294 755 444 787 dixerunt
469 754 589 787 loannis
619 753 740 786 decimo
764 763 862 786 nono:
892 766 907 782 «ι
928 754 994 786 Non
1028 753 1179 786 habemus
1203 762 1273 798 re-v

293 818 361 851 gem
387 808 444 841 nisi
469 817 625 841 caesarem
643 820 682 846 »;
706 811 737 840 et
757 807 901 840 Matthaei
926 807 1074 849 vigesimo
1102 806 1251 848 septimo:

298 876 313 890 «
330 862 461 903 Sanguis
477 861 545 894 eius
568 869 664 902 super
680 869 737 893 nos
761 864 791 893 et
807 869 903 902 super
924 860 1004 893 lilios
1020 863 1144 893 nostros
1161 873 1190 891 υ.
1209 877 1251 883 -

292 915 346 948 Vel
371 915 429 947 hoc
444 914 574 952 dicitur,
600 917 635 946 ut
651 914 708 955 ipsi
734 913 907 955 puniantur
923 913 953 945 iu
979 913 1159 955 exemplum
1176 913 1251 945 alio-

292 978 379 1007 rum,
404 968 494 1010 quia,
516 976 590 1000 cum
617 967 775 1005 viderent,
799 967 916 999 malum
941 967 972 999 in
996 967 1065 999 aliis
1081 966 1201 1008 puniri,
1219 975 1252 998 se

291 1031 351 1054 non
376 1023 596 1054 correxerunt.
621 1020 707 1053 Unde
730 1020 1016 1061 Clirysostomus²z
1047 1032 1061 1048 α
1079 1019 1158 1061 Quid
1175 1019 1252 1051 alio-

291 1083 362 1107 rum
387 1077 514 1116 peccata
531 1073 666 1106 vindicat
689 1073 773 1105 Deus
790 1073 821 1105 in
845 1073 930 1111 istis,
954 1073 979 1105 si
997 1072 1052 1105 soli
1076 1075 1151 1105 sunt
1166 1072 1248 1114 passi

290 1128 380 1165 talia,
404 1135 477 1159 cum
500 1135 562 1158 non
586 1125 640 1158 soli
667 1128 869 1167 peccassent?
893 1125 994 1164 Sicut,
1018 1124 1127 1157 multis
1151 1124 1251 1157 servis

290 1180 509 1222 peccantibus,
534 1179 704 1221 castigatur
728 1188 812 1211 unus
828 1187 886 1220 pro
910 1187 968 1211 suo
991 1181 1133 1220 peccato,
1158 1181 1189 1210 et
1207 1180 1250 1209 ta-

291 1242 361 1266 men
392 1242 450 1275 pro
481 1233 627 1265 omnibus
658 1232 833 1274 flagellatus
864 1231 994 1273 pertulit
1027 1231 1131 1269 solus,
1167 1230 1251 1273 quod

289 1286 436 1319 omnibus
452 1289 499 1319 est
522 1286 711 1328 promissum
726 1299 756 1317 ».
782 1285 869 1317 Ratio
885 1289 1006 1323 autem,
1030 1293 1131 1326 qnare
1151 1284 1251 1326 magis

289 1340 327 1372 ad
352 1340 427 1372 istos
450 1348 550 1381 poena
574 1339 735 1381 pervenit,
767 1338 910 1371 redditur
933 1339 973 1370 ab
996 1338 1105 1371 eodem
1138 1337 1250 1370 Ioanne

289 1393 552 1435 Chrysostomossx
582 1406 597 1421 «
614 1393 710 1434 Quia,
736 1393 855 1435 inquit,
880 1401 935 1425 vos
958 1392 1090 1425 audistis
1113 1391 1152 1424 de
1175 1391 1250 1424 Cain

289 1451 320 1480 et
341 1448 379 1480 de
403 1447 516 1480 ceteris
539 1447 628 1479 malis
652 1446 819 1479 vindictam
845 1446 975 1485 factam,
1000 1449 1031 1478 et
1047 1445 1071 1478 si
1097 1455 1158 1478 non
1176 1442 1271 1478 estis

289 1511 345 1543 per
368 1510 478 1534 eorum
511 1500 657 1543 exempla
680 1500 833 1538 correcti,
865 1499 1002 1541 graviori
1028 1508 1128 1541 poena
1158 1498 1251 1531 serie-

288 1553 381 1592 mini,
406 1557 436 1586 et
461 1553 585 1586 venient
608 1561 705 1594 super
729 1561 784 1584 vos
807 1552 954 1594 exempla
977 1552 1169 1594 priorum».

377 1607 428 1639 97.
454 1606 556 1648 (Vers.
590 1606 667 1646 51.).
701 1605 737 1638 Et
767 1610 934 1648 propterea
959 1604 1171 1646 exemplificat
1202 1613 1250 1636 se-

287 1660 425 1694 cundum
444 1660 619 1693 testimonia
643 1660 777 1701 scripta,
795 1668 867 1691 cum
892 1658 1013 1691 subdit:
1031 1659 1055 1689 A
1084 1657 1251 1699 sanquine

288 1713 368 1746 Abel
398 1723 502 1757 usquc
533 1713 578 1746 ad
608 1713 807 1755 sanquinem
832 1710 1031 1744 Zachariae.
1058 1710 1139 1743 Abel
1162 1719 1249 1742 nam—

288 1777 350 1810 que
375 1767 498 1809 primus
521 1766 580 1799 suit
603 1766 707 1799 iustus
729 1775 748 1798 a
778 1765 876 1797 fratre
904 1764 1043 1802 occisus,
1076 1763 1248 1796 secundum

288 1821 371 1863 quod
395 1821 510 1853 dicitur
533 1820 661 1853 Genesis
684 1823 798 1862 quarto
815 1819 839 1850 4.
864 1816 1053 1850 Zacharias
1069 1820 1175 1849 autem
1192 1816 1250 1848 iste

288 1874 347 1906 suit
371 1873 455 1906 filius
479 1873 615 1911 loiadae,
639 1872 692 1914 qui
717 1872 840 1904 occisus
864 1870 923 1903 suit
946 1879 964 1902 a
988 1879 1061 1912 rege
1086 1870 1169 1907 loas,
1194 1868 1248 1911 qui

287 1928 387 1960 multa
412 1927 492 1959 bona
514 1930 678 1968 acceperat
693 1925 732 1959 ab
756 1925 825 1957 eius
842 1928 949 1966 patre,
973 1923 1147 1956 secundum
1164 1922 1250 1964 quod

288 1981 420 2013 historia
435 1983 544 2012 narrat
559 1978 687 2012 secundi
713 1978 968 2019 Paralipomenon
985 1976 1134 2018 vigesimo
1157 1985 1250 2018 quar-

289 2038 330 2066 to.
355 2033 579 2066 Verumtamen
597 2032 654 2064 iste
678 2040 739 2063 non
758 2030 817 2063 suit
840 2030 1023 2063 interfectus
1047 2029 1173 2067 ultimo,
1194 2028 1249 2065 sed

289 2086 358 2119 ideo
382 2086 480 2127 magis
511 2085 713 2127 coniungitur
744 2093 817 2117 cum
849 2081 966 2125 primo,
1004 2095 1019 2111 κ
1044 2083 1144 2125 quia⁵
1176 2082 1249 2114 Abel

289 2139 536 2181 pastorovium
570 2138 629 2170 luit
663 2141 695 2170 et
729 2141 858 2170 necatus
892 2137 923 2169 in
955 2145 1048 2178 agro,
1084 2136 1251 2168 Zacharias

289 2202 366 2225 vero
389 2192 535 2225 sacerdos
558 2196 588 2224 et
620 2195 748 2224 necatus
773 2191 803 2223 in
834 2190 915 2223 atrio
944 2189 1068 2232 templi;
1093 2189 1148 2231 qui
1171 2189 1252 2221 duos

288 2246 416 2280 ordines
431 2246 603 2286 Martyrum
621 2244 797 2286 designant,
814 2243 932 2276 scilicet
954 2243 1061 2281 laicos,
1077 2246 1108 2275 et
1128 2251 1181 2275 eos
1197 2242 1250 2284 qui

289 2299 398 2332 altaris
420 2298 523 2331 officio
546 2298 766 2339 mancipantur
791 2311 820 2329 ».
846 2315 889 2321 —
914 2296 982 2329 ldeo
1015 2296 1117 2328 locum
1143 2295 1253 2328 mortis

291 2353 388 2386 huius
409 2356 512 2390 totum
536 2351 694 2393 designat,
718 2359 791 2383 cum
815 2350 938 2383 subdit:
965 2349 1031 2390 Qut*
1043 2349 1145 2391 periit
1168 2349 1253 2381 incer

886 241 1080 274 COMMENT.
1105 241 1142 274 IN
1164 241 1405 275 EVANGELIUM
1428 242 1546 274 LUCAE
1570 242 1602 274 C.
1628 242 1676 274 XI.

1318 329 1426 363 altare
1449 333 1478 362 et
1500 329 1629 369 aedem,
1653 329 1685 363 id
1708 332 1773 369 est,
1797 329 1919 363 occisus
1938 329 1998 363 fuit
2020 330 2107 363 inter
2124 330 2277 373 templum

1318 386 1349 416 et
1372 383 1472 416 altare
1495 383 1678 416 holocausti.
1708 395 1724 411 α
1741 383 1810 415 Duo
1833 392 1971 425 namque
1998 383 2109 416 altaria
2131 385 2223 416 erant
2245 383 2277 416 in

1318 436 1452 477 templo:
1476 444 1576 469 unum
1601 436 1753 475 interius,
1777 435 1895 469 scilicet
1911 436 2055 474 ·incensi‚·
2078 435 2163 469 aliud
2188 439 2277 469 exte-

1318 489 1403 527 rius,
1428 489 1545 522 scilicet
1569 488 1768 522 holocausti⁸
1784 500 1823 527 »3
1848 488 2021 521 secundum
2054 489 2137 531 quod
2163 489 2280 531 legitur

1319 541 1414 574 Exodi
1448 541 1609 584 trigesimo
1640 542 1760 584 quinto.
1795 542 1829 574 Et
1861 541 1943 574 inter
1974 541 2034 574 boc
2065 545 2096 574 et
2124 541 2277 583 templum

1318 595 1484 628 Zacharias
1499 605 1518 627 a
1541 595 1660 628 ludaeis
1677 595 1736 627 suit
1755 595 1892 634 occisus,
1908 594 2081 628 secundum
2102 594 2186 637 quod
2204 595 2278 628 scri-

1317 647 1404 680 bitur
1420 648 1547 681 secundi
1573 648 1827 690 Paralipomenon
1844 648 1994 690 vigesimo
2017 651 2146 690 quarto:
2168 661 2184 677 ‹1
2199 648 2278 680 Con-

1317 700 1435 742 gregati
1460 700 1613 733 adversus
1635 710 1724 739 eum,
1749 701 1905 733 miserunt
1929 700 2046 742 lapides
2069 700 2162 733 iuxta
2193 701 2278 743 regis

1317 753 1485 795 imperium
1510 753 1541 786 in
1564 754 1645 786 atrio
1668 753 1781 786 domus
1804 753 1858 786 Dei
1879 767 1907 785 n.
1938 766 1954 782 α
1970 753 2045 795 Qui,
2070 762 2144 786 culn
2175 762 2278 787 more-

1317 810 1424 846 retur,
1448 807 1509 839 ait:
1535 806 1643 839 Videat
1666 807 1817 839 Dominus
1842 810 1876 839 et
1899 806 2088 848 requirat».
2112 806 2174 839 Hoc
2196 806 2279 840 dixit

1315 859 1479 892 attendens
1501 860 1690 901 aequitatem
1715 859 1838 892 divinae
1854 859 2009 898 iustitiae,
2033 867 2114 901 quae
2137 858 2216 891 nibil
2231 858 2277 891 di-

1316 913 1410 945 mittit
1434 913 1581 945 inultum.
2088 927 2091 929 -

1406 967 1457 1001 98.
1482 966 1525 998 Ad
1541 966 1633 999 cuius
1657 965 1905 998 infallibilitatem
1923 964 2089 998 notandam
2113 965 2206 998 iterat
2228 964 2278 997 fu-

1315 1022 1420 1051 turam
1447 1018 1633 1058 vindictam,
1658 1028 1729 1051 cum
1755 1018 1878 1055 subdit:
1904 1019 1972 1057 lca,
1996 1018 2069 1050 dico
2092 1017 2202 1057 vobis,
2226 1027 2277 1050 re-

1315 1072 1469 1115 quiretur
1493 1072 1535 1104 ab
1559 1070 1622 1103 hac
1642 1072 1874 1114 penei-atione;
1898 1071 1942 1104 ita
1964 1075 2000 1104 ut
2024 1080 2081 1113 per
2104 1080 2276 1113 pronomen

1314 1125 1369 1157 fiat
1392 1125 1617 1158 demonstratio
1648 1125 1858 1167 generationis
1889 1125 2051 1167 malignae.
2085 1125 2166 1161 Dicit
2193 1125 2277 1158 enim

1289 1202 1291 1205 v
1314 1178 1422 1211 Glossa
1438 1178 1537 1211 Bedae
1550 1178 1581 1210 ⁷:
1610 1191 1625 1206 «
1643 1178 1758 1211 Omnes
1775 1179 1900 1220 maligni
1926 1188 1989 1210 una
2005 1178 2165 1220 generatio
2188 1183 2276 1217 sunt,

1315 1241 1377 1265 una
1402 1232 1528 1271 civitas,
1554 1241 1652 1264 unum
1678 1240 1795 1273 corpus
1817 1231 1950 1271 diaboli,
1975 1232 2057 1264 sicut
2079 1240 2192 1264 omnes
2203 1232 2276 1264 boni

1314 1294 1414 1318 unum
1447 1294 1579 1327 corpus,
1604 1294 1667 1318 una
1695 1285 1855 1327 generatio
1879 1289 1954 1318 sunt
1985 1285 2039 1318 Dei
2064 1298 2095 1318 ι».
2120 1285 2206 1318 Unde
2236 1285 2276 1318 de

1315 1338 1374 1371 hac
1397 1338 1597 1380 generatione
1621 1338 1729 1380 iniqua
1760 1338 1888 1380 intelligi
1915 1342 2016 1380 potest
2040 1338 2116 1370 illud
2146 1338 2277 1370 Prover-

1315 1391 1439 1424 biorum
1466 1391 1669 1433 trigesimoss:
1699 1404 1714 1419 α
1736 1391 1916 1429 Generatio,
1940 1400 2022 1432 quae
2045 1400 2103 1433 pro
2129 1390 2277 1424 dentibus

1314 1444 1433 1486 gladios
1457 1444 1551 1477 babet
1573 1447 1604 1476 et
1628 1444 1817 1477 commandit
1840 1444 2014 1476 molaribus
2037 1444 2120 1483 suis,
2146 1447 2181 1476 ut
2206 1452 2277 1486 per-

1314 1498 1367 1530 dat
1391 1498 1499 1539 inopes
1514 1497 1553 1530 de
1573 1500 1660 1530 terra
1675 1501 1707 1530 et
1722 1506 1878 1539 pauperes
1894 1506 1935 1529 ex
1953 1496 2134 1530 hominibus
2149 1510 2180 1529 ιο.
2197 1497 2277 1530 Haec

1314 1555 1361 1589 est
1384 1551 1562 1593 generatio,
1587 1560 1605 1582 a
1621 1560 1685 1592 qua
1708 1551 1891 1592 requiretur
1917 1550 2068 1589 vindicta;
2090 1550 2144 1583 sed
2168 1550 2200 1583 in
2219 1550 2276 1583 bac

1302 1602 1490 1646 'specialiter
1514 1613 1532 1636 a
1554 1608 1646 1646 gente
1668 1603 1806 1642 ludaica‚
1831 1603 1906 1645 quia
1922 1607 2138 1636 consummata
2160 1603 2221 1636 fuit
2243 1603 2276 1635 in

1314 1657 1359 1690 eis
1377 1656 1515 1698 perfidia.
1540 1656 1626 1689 Unde
1650 1656 1892 1698 chrysostomus
1909 1656 1939 1688 ⁹:
1969 1669 1984 1685 α
2001 1656 2088 1689 Sicut
2104 1656 2197 1689 bonis
2221 1665 2277 1698 per

1314 1711 1430 1743 multas
1452 1710 1668 1751 generationes
1691 1710 1836 1752 promisit
1863 1710 1947 1742 Deus
1974 1709 2134 1742 Christum
2167 1712 2277 1742 ventu-

1314 1773 1402 1802 rum,
1427 1764 1581 1806 praestitit
1597 1767 1702 1796 autem
1728 1763 1905 1796 novissimis
1921 1763 2057 1801 Sanctis;
2082 1763 2125 1795 ita
2142 1771 2198 1804 per
2214 1762 2277 1795 sin-

1313 1817 1403 1859 gulas
1423 1816 1640 1858 generationes
1662 1816 1871 1849 comminatus
1894 1819 1941 1849 est
1960 1815 2072 1854 malis,
2097 1815 2206 1848 reddet
2221 1824 2278 1848 au-

1314 1875 1376 1903 tem
1399 1869 1589 1912 generationi
1611 1869 1806 1902 novissimae.
1824 1869 1989 1911 Nunquam
2007 1869 2091 1902 enim
2109 1868 2179 1901 talis
2196 1877 2278 1910 pra-

1314 1923 1362 1956 tia
1385 1923 1457 1955 data
1480 1925 1527 1955 est
1558 1921 1756 1960 hominibus,
1781 1921 1883 1964 qualis
1903 1922 1935 1953 in
1959 1920 2101 1960 Christo,
2125 1923 2181 1953 aut
2209 1921 2278 1954 talis

1314 1976 1468 2009 interitus
1492 1976 1577 2008 venit
1600 1984 1697 2017 super
1724 1975 1851 2017 impilm,
1876 1974 1957 2007 sicut
1984 1983 2080 2016 super
2106 1974 2276 2007 ludaeos».

1312 2029 1399 2063 Unde
1424 2033 1555 2071 possunt
1578 2028 1636 2070 ipsi
1667 2028 1771 2060 dicere
1794 2028 1911 2070 optime
1942 2027 2019 2060 illud
2042 2027 2170 2060 Genesis
2200 2036 2279 2069 qua-

1313 2082 1489 2125 dragesimo
1524 2081 1662 2114 secundo
1676 2081 1718 2113 ¹⁰:
1748 2094 1763 2109 a
1781 2081 1890 2114 Merito
1915 2081 1991 2113 haec
2016 2080 2171 2122 patimur,
2203 2080 2280 2122 quia

1315 2135 1513 2178 peccavimus
1536 2135 1568 2167 in
1586 2134 1713 2177 fratrem
1735 2138 1890 2167 nostrum.
1909 2134 1966 2172 En,
1989 2133 2118 2175 sanguis
2137 2133 2206 2166 eius
2221 2142 2278 2165 ex-

1312 2188 1455 2231 quiritur
1473 2202 1503 2220 ».
2198 2180 2211 2188 ”

1406 2242 1457 2274 99.
1484 2241 1586 2282 (Vers.
1612 2241 1688 2280 52).
1721 2241 1785 2273 Vae
1807 2240 1898 2272 vobis
1922 2239 2125 2282 legisperitis.
2140 2242 2199 2272 etc.
2225 2239 2278 2272 Hic

2296 972 2361 994 iterat
2374 973 2436 996 vinde

2309 1002 2365 1021 ctam
2385 1000 2436 1022 tutu-

2310 1031 2365 1048 ram.

2297 1661 2426 1686 Notandum.

2296 2218 2371 2246 Quoad
2386 2218 2439 2240 tram

2310 2245 2430 2276 dolentiam

2298 2275 2373 2294 eontra
2387 2277 2438 2293 ven·

1317 2295 1411 2328 tertio
1443 2295 1573 2336 replicat
1605 2303 1666 2326 vac
1700 2297 1830 2336 propter
1861 2292 2130 2335 fraudulentiam
2161 2297 2436 2325 contrat-temonari-

2292 2330 2333 2347 nae
2348 2327 2436 2351 tangun-

1318 2348 1489 2380 veritatem
1523 2346 1703 2379 doctrinae.
1741 2346 1776 2379 Et
1812 2346 1887 2388 quia
1922 2345 1993 2377 mali
2030 2349 2060 2378 et
2096 2344 2278 2378 seductores
2316 2351 2415 2373 surdao-

366 2558 374 2573 ¹
395 2559 470 2584 Vers.
489 2557 532 2583 24.
552 2557 674 2590 (Sanc-tus
693 2556 857 2589 Sanctorum)
878 2559 903 2582 et
921 2556 963 2581 26.
983 2569 1018 2575 -
1038 2556 1094 2581 Duo
1114 2563 1188 2588 seqq.
1205 2555 1253 2580 loci

293 2607 355 2629 sunt
374 2604 443 2628 loan.
468 2603 509 2634 19,
531 2602 573 2627 15.
592 2605 617 2627 et
642 2602 729 2626 Mattb.
748 2601 797 2633 27,
823 2601 865 2626 25.
885 2614 919 2620 —-
939 2601 987 2625 Pro
1006 2599 1107 2626 scillcet
1131 2599 1254 2626 Christus

296 2649 355 2674 Vnt.
373 2647 472 2674 scillcet
492 2645 600 2673 Christi.

367 2691 377 2706 ²
397 2692 490 2718 llomil.
507 2691 547 2717 66.
563 2692 587 2716 in
606 2691 692 2716 Mutth.
707 2691 749 2722 23,
768 2690 811 2715 35.
826 2690 885 2722 (Op.
906 2688 1074 2722 impersect.):
1089 2688 1157 2721 Quid
1171 2688 1254 2719 ergo?

263 2754 266 2755 ν
296 2737 408 2763 iniustus
426 2741 465 2762 est
480 2737 560 2767 Deus,
579 2735 623 2768 qui
637 2735 747 2760 aliorum
767 2738 873 2766 peccata
888 2733 1031 2759 vindicavit
1043 2733 1069 2758 in
1089 2732 1159 2757 istis?
1174 2731 1255 2757 Absit.

298 2781 348 2808 Sed
368 2781 492 2814 quoniam
506 2787 575 2812 quae
594 2780 627 2804 illi
642 2778 810 2804 merebantur
829 2778 870 2804 isti
890 2781 952 2803 sunt
971 2777 1054 2809 passi,
1074 2780 1099 2802 et
1117 2776 1165 2802 soli
1185 2776 1254 2807 passi

297 2828 357 2851 sunt
376 2825 450 2855 talia,
475 2831 535 2850 cum
554 2831 607 2849 non
632 2823 679 2848 soli
699 2825 863 2855 peccassent:
889 2825 1027 2853 propterea
1051 2827 1120 2853 quae
1144 2820 1255 2845 aliorum

298 2872 372 2895 erant
390 2869 513 2894 dicuntur
531 2868 572 2893 isli
592 2867 718 2899 perpessi.
738 2867 789 2892 Res
807 2866 876 2892 enini
897 2866 943 2891 isla
969 2865 1075 2891 moralis
1099 2868 1150 2896 est,
1169 2867 1195 2889 et
1219 2863 1257 2889 sic

295 2920 391 2939 omnes
410 2913 530 2938 homines
544 2911 661 2944 quotidie
680 2911 796 2937 facimus.
811 2912 875 2936 Ecce
893 2910 977 2940 enim,
989 2916 1050 2935 cum
1065 2908 1134 2934 servi
1148 2908 1185 2934 tui
1199 2914 1257 2939 pec-

299 2961 372 2988 cant,
391 2957 520 2989 exspolias
543 2962 626 2982 unum
650 2960 676 2981 et
698 2955 790 2981 iterum
811 2955 897 2987 percis
913 2955 952 2985 ci,
974 2954 1079 2980 dicens:
1099 2953 1150 2979 Nisi
1169 2952 1257 2978 obser-

299 3002 419 3032 vaveris,
439 3002 489 3026 hoc
508 3007 634 3032 passurus
653 3007 696 3031 es;
714 2999 831 3025 similiter
857 2999 920 3025 sacis
939 3003 964 3024 et
989 2998 1071 3024 alleri.
1096 2998 1150 3023 Non
1171 2996 1257 3030 1ῃοΙὶος

299 3045 418 3072 rantibus
431 3052 495 3070 vero
513 3044 565 3076 eis,
578 3044 598 3069 si
614 3043 751 3069 incurrerit
769 3050 850 3074 unus,
864 3043 1006 3074 castigatur
1019 3042 1165 3068 secundum
1179 3047 1256 3066 suum

301 3094 453 3123 peccatum,
472 3092 498 3115 et
517 3089 621 3114 videtur
645 3088 753 3121 quidem
774 3094 822 3120 pro
846 3087 972 3113 omnibus
991 3087 1031 3112 ille
1055 3087 1128 3112 solus
1151 3085 1259 3117 castiga-

301 3139 357 3167 tus,
376 3135 437 3168 qnia
457 3134 529 3168 quod
548 3134 604 3159 aliis
622 3137 661 3159 est
690 3132 849 3165 promissum
874 3132 907 3157 illi
932 3135 971 3158 est
994 3132 1136 3158 redditum.
1155 3144 1190 3150 —
1209 3131 1259 3156 Pro

297 3178 467 3217 promissum
487 3179 544 3204 Vnt.
563 3168 756 3205 commissurus

375 3223 386 3240 ³
404 3222 498 3248 llomil.
516 3222 559 3247 74.
581 3222 654 3253 (alias
666 3221 721 3255 75.)
742 3222 769 3247 in
782 3221 869 3247 Mattn.
888 3228 913 3246 n.
930 3222 962 3254 2,
981 3220 1025 3247 ubi
1039 3220 1112 3253 quod
1132 3219 1174 3245 hic
1192 3219 1260 3245 exhi-

302 3268 379 3294 betur
401 3266 586 3293 sententialiter
609 3266 728 3292 diffusius
752 3265 916 3298 proponitur.
933 3279 969 3285 —
989 3265 1038 3291 Pro
1055 3263 1191 3298 feriemini
1208 3263 1259 3298 (ita

302 3313 381 3339 etlam
400 3311 478 3338 Card.
497 3311 582 3343 nugo)
602 3310 743 3337 CDFGll
761 3309 888 3346 ferimini.

373 3355 385 3371 ⁶
404 3356 477 3382 vers.
498 3355 523 3382 8.
540 3369 576 3375 —-
594 3355 717 3388 Sequitur
736 3355 763 3381 11.
782 3355 892 3387 Paralip.
910 3354 956 3387 24,
976 3355 1019 3380 22.

373 3399 385 3414 ⁶
404 3400 436 3426 Ut
454 3400 516 3426 dicit
534 3400 624 3426 Glossu
643 3398 785 3426 ordinaria
804 3398 844 3432 (ex
864 3398 944 3431 Beda)
964 3399 990 3424 in
1010 3399 1077 3424 Luc.
1093 3398 1139 3429 11,
1158 3397 1203 3424 51.

1388 2552 1400 2568 ⁶
1419 2555 1452 2579 lta
1473 2554 1561 2579 Glossa
1576 2552 1718 2579 ordinaria
1739 2552 1796 2585 (cfr.
1810 2551 1893 2581 Beda,
1913 2551 1941 2576 ll.
1960 2550 2054 2575 Homil.
2067 2554 2129 2576 sect.
2149 2551 2174 2576 ’1.
2188 2551 2280 2576 homil.

1320 2599 1361 2624 13.
1382 2599 1406 2624 in
1427 2598 1521 2630 Vigilia
1541 2598 1566 2623 S.
1586 2599 1656 2623 lonn.
1668 2597 1758 2628 Bapt.;
1777 2596 1803 2621 in
1818 2595 1914 2620 verba:
1934 2594 2016 2621 Stans
2029 2602 2047 2620 (ι
2059 2594 2163 2621 dextris
2181 2594 2279 2622 altaris

1318 2642 1431 2674 incensi)
1451 2642 1522 2674 apud
1542 2643 1681 2673 Lyrunum.
1701 2655 1736 2660 —
1756 2640 1873 2666 Subinde
1892 2639 2038 2670 allegantur
2063 2639 2142 2665 Exod.
2162 2639 2211 2670 35,
2241 2640 2280 2665 15.

1319 2690 1375 2719 seq·
1395 2687 1483 2717 (codd.
1503 2686 1615 2717 allegant
1636 2685 1682 2715 27,
1704 2686 1728 2710 1.
1746 2688 1771 2710 et
1789 2684 1817 2714 9,
1842 2683 1887 2709 ubi
1900 2683 1934 2708 de
1948 2687 2059 2715 utroque
2072 2683 2218 2714 altari;ct'1·.
2233 2682 2277 2716 40,

1319 2731 1343 2756 5.
1363 2730 1429 2763 seq.)
1449 2734 1475 2756 et
1495 2731 1520 2756 11,
1540 2730 1650 2762 Paralip.
1670 2729 1717 2761 24,
1737 2729 1781 2754 21.
1799 2732 1825 2753 et
1843 2728 1890 2759 22,
1910 2727 1936 2754 in
1956 2734 2009 2759 quo
2029 2734 2078 2758 pro
2097 2725 2187 2753 Videat
2200 2726 2280 2754 codd.

1319 2773 1420 2801 Iudicat
1439 2774 1634 2806 (Septuagintaz
1660 2772 1750 2799 Videat
1768 2772 1900 2798 Dominus
1918 2773 1943 2797 cl
1962 2770 2081 2800 iudicet).

1349 2825 1353 2828 ’
1390 2817 1400 2832 ⁷
1421 2819 1523 2844 Scilicet
1541 2817 1702 2849 cnzlinaria,⁷
1722 2818 1789 2842 Beda
1810 2816 1928 2849 sequitur
1944 2816 2058 2847 {liei-on..
2078 2816 2121 2842 lV.
2134 2815 2280 2842 Comment.

1319 2863 1346 2888 in
1365 2863 1452 2888 Matth.
1472 2864 1520 2894 23,
1539 2863 1582 2888 35.
1602 2869 1659 2895 seq.
1677 2861 1746 2887 circa
1767 2861 1855 2886 linem.
1875 2861 1924 2886 Pro
1942 2862 2006 2887 sunl
2025 2860 2073 2887 Dei
2092 2861 2176 2887 Strab.
2196 2865 2219 2886 et
2234 2861 2281 2893 Ly-

1320 2914 1400 2933 ranus
1418 2909 1483 2934 sunt
1500 2906 1571 2934 dica.
1590 2920 1626 2926 -
1645 2905 1772 2938 Superius
1787 2912 1835 2937 pro
1857 2912 1906 2938 per
1922 2911 2074 2938 pronomen
2099 2904 2150 2931 AC
2176 2905 2209 2935 (D
2229 2905 2281 2936 pri-

1321 2952 1410 2985 mitus)
1426 2959 1477 2985 per
1495 2958 1607 2982 nomen,
1629 2952 1649 2976 G
1660 2949 1836 2984 pronomine,
1858 2950 1877 2975 11
1894 2957 1944 2984 per
1954 2956 2107 2983 pronomen
2126 2948 2212 2982 istud,
2231 2950 2281 2976 sci·

1321 2995 1380 3023 licet
1398 2996 1432 3023 ab
1451 2996 1511 3023 ltuc.

1392 3039 1403 3054 ⁶
1424 3041 1496 3066 Vers.
1517 3040 1563 3072 14,
1583 3039 1628 3065 ubi
1647 3045 1696 3071 pro
1712 3037 1811 3072 perdat
1829 3038 1941 3071 Vulgata
1959 3041 1986 3064 et
2005 3038 2062 3064 Vnt.
2081 3036 2210 3064 comedat.

1392 3083 1404 3098 ⁹
1423 3085 1516 3110 Homil.
1537 3084 1579 3110 46.
1597 3083 1623 3109 in
1643 3083 1729 3108 Matth.
1750 3083 1796 3115 23,
1816 3083 1858 3109 35.
1879 3083 1976 3109 Textus
1988 3082 2123 3114 originalis
2142 3082 2202 3108 binc
2220 3082 2283 3109 inde

1322 3130 1397 3161 plura
1416 3130 1553 3155 interserit.
1578 3129 1638 3154 Post
1662 3126 1700 3153 ita
1716 3127 1775 3154 -AC
1795 3127 1827 3158 (D
1852 3127 1984 3160 primitus)
2010 3127 2059 3152 FG
2084 3126 2186 3152 addunt
2210 3125 2283 3160 qnod

1323 3174 1422 3207 (textus
1441 3173 1590 3206 originalis:
1609 3178 1657 3204 per
1675 3171 1799 3205 amyntas
1818 3171 2004 3205 generationes
2016 3170 2187 3204 peccantibus
2205 3169 2282 3197 nulla

1319 3218 1480 3253 promittens
1501 3218 1571 3244 Deus
1590 3215 1626 3243 ad
1644 3218 1777 3243 terrorem
1795 3222 1891 3242 eornm
1909 3215 1982 3242 hunc
2000 3215 2038 3241 eis
2058 3214 2214 3248 prophetice
2232 3213 2283 3241 mi-

1322 3262 1441 3289 nabatur
1454 3262 1620 3289 interitum...
1633 3267 1697 3294 erqo
1716 3260 1836 3287 minatus
1849 3262 1888 3286 est
1900 3258 2038 3291 omnibus,
2050 3265 2106 3285 non
2117 3260 2209 3285 autem
2221 3258 2285 3285 red-

1323 3306 1402 3340 didit,
1420 3306 1468 3334 sed
1485 3304 1601 3333 reddidit
1618 3304 1787 3339 uenerationi
1803 3303 1989 3335 novissimae).

1394 3351 1417 3366 ¹⁰
1437 3352 1513 3378 Vers.
1531 3351 1574 3376 21.
1592 3355 1619 3376 et
1637 3351 1679 3376 22.
