2476 3921
142 806 224 833 Duplex
239 805 276 826 do·

147 834 269 853 eumenium

143 859 270 879 insinuatur.

140 1443 225 1469 Quarta,
240 1448 272 1463 13-

133 1469 190 1490 tione
212 1468 271 1489 verbi

149 1495 214 1516 divini
229 1501 265 1516 au-

167 1521 248 1543 diendi.

158 1917 270 1940 Pax-abula.

296 239 358 271 190

293 326 398 358 Glossa
411 328 439 357 ¹:
470 338 486 353 «
502 324 679 365 Antiquitus
699 332 767 356 mos
782 327 850 355 erat
867 323 1067 361 Iudaeorum,
1084 332 1140 356 nec
1157 323 1250 356 duce-

294 379 385 411 batur
410 379 440 409 in
464 377 606 418 culpam,
631 380 666 409 ut
691 376 839 411 mulieres
863 376 901 408 de
925 385 982 408 sua
1006 376 1181 408 substantia
1197 386 1251 418 pa-

292 434 415 463 scerent
437 434 468 462 et
490 430 641 462 vestirent
667 429 820 461 doctores.
846 428 902 461 Sed
928 429 1003 470 quia
1034 429 1093 461 hoc
1118 429 1148 461 in
1177 438 1251 471 gen-

293 484 376 515 tibus
400 486 521 524 poterat
542 482 642 514 facere
673 481 870 519 scandalum,
894 481 1009 513 Paulus
1041 490 1074 513 se
1098 485 1252 514 memorat

292 535 479 568 abstinuisse
518 535 637 576 primae
675 534 711 566 ad
744 534 922 567 Corinthios
953 544 1056 566 nono:
1092 534 1252 578 Numquid

291 599 357 621 non
389 587 546 620 habemus
573 592 765 629 potestatem
800 587 970 620 mulierem
1001 597 1150 620 sororem
1186 588 1251 620 cir-

293 640 530 678 cumducendi,
554 641 641 672 sicut
665 640 762 672 ceteri
785 640 963 682 Apostoli»
979 640 994 671 ἒ)
1020 641 1055 672 Et
1082 640 1151 672 ideo
1175 640 1252 673 illud

294 703 377 726 nunc
409 702 470 725 non
502 693 594 725 debet
624 693 662 724 ad
694 693 947 735 consequentiam
980 693 1089 725 trahi2
1121 696 1250 735 propter

294 746 472 779 scandalum
498 745 659 777 vitandum
683 749 714 778 et
737 746 828 778 etiam
854 750 984 787 propter
1006 747 1193 788 periculum.
1208 766 1252 770 -

295 799 326 831 ln
345 799 403 830 hoc
428 802 528 830 tamen
554 798 838 842 erudimur,„quod
863 799 1067 840 praedicatori
1086 799 1157 831 licet
1173 800 1252 832 acci—

293 860 368 894 pere
401 851 590 892 stipendium
622 860 679 892 pro
704 851 826 889 labore;
856 852 976 893 primae
1007 852 1045 884 ad
1073 852 1251 885 Corinthios

293 914 391 936 nono:
421 917 437 932 «
463 904 491 936 Si
517 904 740 936 seminavimus
771 904 858 937 vohis
889 905 1078 946 spiritualia,
1110 914 1170 937 non
1203 909 1251 938 est

292 958 428 995 mirum,
453 957 476 989 si
502 957 639 995 carnalia
670 960 774 989 vestra
800 961 954 990 metamus
977 971 1009 996 »;
1043 961 1074 990 et
1105 958 1248 990 Matthaei

291 1011 428 1043 decimo:
459 1023 474 1038 «
491 1010 611 1051 Dignus
634 1013 681 1042 est
704 1010 868 1051 operarius
892 1011 960 1042 cibo
984 1020 1042 1043 suo
1055 1023 1090 1049 »;
1115 1014 1146 1043 et
1170 1011 1251 1043 infra

291 1064 428 1096 decimo:
458 1076 472 1091 «
490 1063 610 1104 Dignus
629 1067 676 1095 est
692 1063 773 1102 enim
799 1063 963 1104 operarius
986 1064 1129 1097 mercede
1146 1073 1203 1097 sua
1219 1078 1249 1096 ».

291 1116 326 1148 Et
350 1124 464 1148 rursus
480 1116 510 1147 in
537 1116 595 1147 hoc
611 1115 787 1153 erudimur,
812 1115 895 1157 quod
913 1116 1093 1157 praedicare
1116 1120 1147 1149 et
1166 1117 1250 1149 labo-

290 1178 362 1201 rare
382 1172 471 1201 actus
487 1173 533 1201 est
557 1169 657 1201 virilis
680 1173 711 1202 et
727 1169 955 1210 perfectorum
981 1169 1034 1201 sed
1055 1170 1251 1209 ministrare,

290 1222 556 1264 imperfectorum,
566 1226 674 1264 utpote
687 1223 871 1261 mulierum;
886 1222 969 1254 unde
982 1224 1112 1254 Actuum
1124 1226 1214 1255 sexto
1223 1223 1250 1255 8;

295 1288 309 1304 «
327 1276 392 1308 Non
417 1280 463 1308 est
494 1284 650 1317 aequum,
675 1285 732 1308 nos
761 1275 942 1317 relinquere
973 1275 1106 1307 verbum
1138 1275 1191 1307 Dei
1222 1278 1253 1307 et

284 1329 468 1365 ,ministrare
488 1329 608 1361 mensis
626 1343 654 1360 ».

381 1382 409 1413 6.
436 1382 536 1423 (Vers.
561 1382 616 1421 4.).
634 1383 767 1423 Quarto,
792 1385 946 1424 quantum
963 1381 1002 1414 ad
1026 1384 1252 1414 concurrentes

291 1435 412 1467 ratione
436 1434 526 1467 verbi
549 1435 656 1467 divini
678 1435 839 1467 audiendi
861 1435 1062 1477 adiungitur:
1090 1434 1173 1467 Cum
1189 1444 1251 1466 au-

292 1492 353 1519 tem
370 1487 521 1529 plurima
538 1488 638 1520 turba
653 1489 853 1527 conveniret,
871 1488 988 1521 scilicet
1005 1488 1042 1520 ad
1059 1487 1250 1520 audiendum

291 1539 479 1578 doctrinam,
504 1541 676 1573 secundum
703 1541 778 1573 illud
803 1541 923 1573 loannis
950 1541 1071 1573 decimo
1093 1544 1203 1573 octavo
1219 1541 1249 1572 4:

298 1605 313 1620 «
330 1592 398 1633 Ego·
415 1601 538 1634 semper
561 1593 651 1625 docui
678 1593 708 1625 in
733 1593 911 1635 synagogis,
935 1593 989 1626 ubi
1014 1602 1122 1626 omnes
1147 1593 1249 1626 ludaei

292 1645 482 1677 conveniunt
506 1659 535 1677 υ.
562 1645 596 1677 Et
629 1646 672 1677 sic
696 1646 845 1686 impletur
869 1646 945 1678 illud
978 1646 1071 1679 Isaiae
1095 1646 1249 1679 secundo:

297 1698 438 1730 «Fluent
473 1698 511 1730 ad
547 1707 619 1730 eum
655 1707 763 1730 omnes
797 1702 919 1739 gentes,
955 1703 986 1731 et
1017 1699 1108 1731 ibunt
1143 1700 1249 1741 populi

292 1751 381 1783 multi
401 1751 541 1783 ».sUnde
565 1751 837 1793 congregabantur
862 1752 891 1783 in
919 1751 1119 1784 multitudine
1143 1756 1174 1784 et
1197 1761 1250 1785 ve-

292 1804 418 1836 niebant
441 1813 513 1836 cum
540 1804 803 1846 promptitudine;
829 1804 912 1836 unde
936 1807 967 1836 et
991 1804 1116 1836 subdit:
1145 1805 1182 1836 Et
1213 1805 1251 1837 de

292 1857 482 1889 civitatibus
509 1861 731 1899 properarent
762 1858 806 1890 ad
838 1867 936 1895 eum,
969 1857 1086 1889 scilicet
1121 1857 1250 1889 audien-

291 1909 376 1941 dum.
397 1928 436 1932 —
464 1910 556 1942 Discit
574 1920 636 1952 per
658 1909 930 1948 similitudinem,
956 1909 1073 1942 scilicet
1097 1909 1251 1951 paraboli-

291 1971 358 1994 cam
382 1962 420 1994 ad
436 1966 561 2004 apertas
578 1971 646 2001 res,
667 1962 784 2005 quibus
807 1962 923 1995 assueti
948 1965 1055 2001 erant;
1073 1965 1104 1994 et
1128 1961 1197 1994 ideo
1213 1956 1262 1993 ad'

291 2015 480 2047 audiendum
506 2024 578 2048 cum
611 2015 765 2048 desiderio
793 2015 1013 2057 properabant.
1037 2015 1124 2047 Unde
1152 2014 1251 2056 Chry-

292 2072 449 2101 sostomus
464 2068 494 2101 ⁵:
532 2082 548 2097 «
564 2069 775 2102 commiscens
806 2069 985 2111 parabolas,
1010 2078 1082 2102 cum
1106 2068 1250 2111 ampliori

292 2121 483 2163 mitigatione
506 2122 684 2155 attrahebat
703 2122 862 2155 auditores
886 2126 917 2155 et
939 2124 978 2156 de
1001 2131 1075 2156 area
1098 2126 1129 2156 et
1151 2123 1190 2155 de
1206 2122 1251 2155 vi-

290 2183 349 2207 nea
371 2178 402 2206 et
425 2174 463 2207 de
487 2184 563 2217 agro
580 2188 609 2207 n.
635 2175 721 2208 Unde
744 2175 783 2208 ad
807 2176 888 2209 113113
919 2176 1093 2209 doctrinam
1118 2176 1251 2218 parabo-

291 2227 382 2259 licam
413 2236 521 2260 omnes
552 2228 742 2267 invitantur,
776 2228 950 2261 secundum
979 2228 1057 2261 illud
1086 2228 1197 2261 Psalmi
1214 2229 1250 2261 ⁶:

297 2292 312 2307 (ι
328 2279 436 2312 Audite
460 2280 552 2318 11333,
575 2289 685 2313 01111133
701 2280 983 2322 3311133,’311111)113
1006 2281 1171 2323 percipite,
1196 2281 1250 2323 qui

291 2332 437 2365 habitatis
460 2333 569 2366 orbem
585 2346 620 2372 »ς
645 2338 676 2366 31
704 2338 773 2376 post
797 2334 960 2367 subditur:
991 2348 1007 2363 «
1032 2334 1197 2369 inclinabo.
1219 2335 1251 2368 in

290 2386 470 2427 parabolam
493 2395 603 2419 aurem
636 2395 752 2426 meam,
780 2387 918 2429 aperiam
943 2387 975 2420 in
1006 2387 1155 2429 psalterio
1178 2397 1252 2430 pro-

290 2439 473 2480 positionem
494 2449 592 2472 meam
610 2452 645 2478 »;
662 2444 693 2473 31
717 2449 832 2473 rursus
847 2440 939 2473 alibi:
962 2453 976 2469 α
990 2440 1132 2483 Aperiam
1150 2440 1181 2473 in
1198 2450 1252 2483 pa-

360 2672 369 2686 ¹
390 2675 492 2698 Scilicet
509 2673 666 2699 ordinaria:
687 2674 816 2707 Antiquus
835 2673 882 2708 [ita
903 2674 981 2700 etiam
995 2674 1062 2708 ΑΗ]
1082 2682 1139 2701 11103
1158 2678 1207 2701 etc.
1222 2676 1248 2701 ln

290 2716 340 2742 tine
360 2717 486 2748 allegatur
506 2717 531 2749 (a
550 2717 635 2748 Beda,
660 2724 712 2743 non
732 2718 755 2743 in
776 2717 876 2749 Glossa)
901 2718 916 2743 1.
937 2717 995 2744 Cor.
1016 2719 1045 2750 9,
1066 2718 1090 2744 5.
1117 2719 1174 2745 Vat.
1192 2726 1248 2745 sen·

289 2761 394 2786 tentiam
414 2760 531 2793 exhibet,
551 2764 630 2793 prout
649 2761 705 2793 ipsa
725 2761 837 2788 habetur
854 2762 925 2794 apud
954 2762 1064 2795 sedam,
1094 2769 1146 2789 11011
1170 2766 1249 2795 prout

289 2808 329 2830 est
347 2805 374 2830 in
393 2805 490 2831 Glossa.

359 2846 370 2862 ²
390 2848 440 2874 Cir.
462 2856 541 2881 supra
562 2856 623 2881 pag.
643 2849 690 2881 85,
711 2854 770 2876 11013
795 2849 819 2876 4.
838 2863 874 2869 -
892 2851 958 2876 Tres
976 2857 1050 2883 seqq.
1076 2850 1124 2876 loci
1143 2854 1205 2877 sunt
1230 2852 1246 2878 1.

289 2891 348 2918 Cor.
366 2893 396 2925 9,
417 2894 461 2925 11;
482 2893 568 2919 Matth.
590 2894 634 2926 10,
655 2894 695 2919 10.
712 2897 738 2920 31
757 2895 818 2920 Luc.
839 2894 885 2926 10,
904 2894 931 2920 7.
945 2908 978 2912 -
996 2894 1086 2920 Glossa
1106 2893 1248 2921 ordinaria

290 2937 330 2969 (ex
351 2936 431 2970 Beda)
452 2937 477 2962 in
502 2938 563 2963 Luc.
584 2939 614 2969 8,
639 2938 669 2963 3:
695 2938 873 2965 Ministrabant
890 2946 955 2972 ergo
981 2939 1093 2965 Domino
1119 2939 1247 2973 carnalia,

289 2981 364 3007 cuius
384 2981 515 3007 metebant
539 2982 695 3015 spiritualia,
720 2986 749 3008 ut
774 2984 884 3009 formam
910 2983 984 3012 daret
1007 2983 1248 3016 praedicatoribus,

289 3025 361 3058 quod
380 3025 451 3051 victu
470 3028 496 3051 et
514 3026 609 3051 vestitu
628 3025 756 3052 deberent
773 3031 832 3053 esse
850 3028 964 3054 contenti
983 3027 1138 3060 accipiendo
1156 3034 1170 3053 a
1196 3028 1248 3060 ple-

288 3068 375 3094 bibus.

361 3110 371 3126 ⁸
392 3113 467 3139 Vers.
486 3114 511 3139 2.

359 3156 371 3170 ⁴
391 3157 464 3183 Vere.
484 3158 533 3189 20,
552 3161 611 3190 post
628 3165 708 3191 quem
728 3159 785 3185 lsai.
804 3160 832 3193 2,
854 3161 878 3185 2.
898 3167 954 3193 seq.

348 3199 370 3214 ·⁶
389 3200 439 3227 Cir.
460 3202 591 3233 Expositio
610 3202 636 3228 in
650 3203 690 3228 Ps.
704 3202 747 3229 48.
766 3210 792 3229 n.
811 3204 841 3229 3:
861 3204 988 3237 Quocirca
1002 3203 1120 3231 Christus
1138 3212 1247 3238 quoque

289 3245 339 3270 hoc
357 3243 467 3271 faciebat
485 3248 510 3271 et
528 3245 684 3278 loquebatur
703 3246 729 3272 in
748 3246 892 3279 parabolis,
911 3255 957 3274 eos
982 3247 1119 3279 stimulans
1142 3252 1168 3274 et
1186 3248 1247 3275 inci-

289 3290 358 3320 tans,
379 3291 406 3314 ut
425 3288 515 3314 audire
534 3293 660 3321 cuperent
679 3290 724 3323 qui
744 3290 829 3322 supini
843 3290 1009 3318 dormiebant
1027 3295 1075 3318 etc.
1095 3292 1245 3318 1101111144.

290 3332 363 3365 (alias
387 3331 440 3365 45.)
465 3333 490 3358 in
515 3333 601 3358 Matth.
626 3340 650 3358 n.
676 3334 710 3359 2:
733 3334 824 3367 «Quia
850 3334 1024 3367 aenigmatice
1047 3336 1246 3368 praedicaturus

288 3379 355 3409 erat,
375 3376 524 3402 auditorum
547 3377 665 3402 animum
691 3378 778 3409 primo
801 3384 848 3409 per
872 3378 1023 3410 parabolam
1049 3379 1246 3413 excitat...‚Nec

880 235 1073 267 COMMENT.
1100 236 1136 267 IN
1162 235 1398 268 EVANGELIUM
1423 236 1540 268 LUCAE
1564 236 1596 268 C.
1622 236 1693 268 Vlll.

1315 324 1432 357 rabolis
1463 333 1498 357 os
1521 333 1642 362 meum,
1676 324 1786 366 loquar
1819 326 2045 367 propositiones
2076 327 2116 359 31)
2139 326 2225 359 1111110
2242 340 2272 359 n.

1316 376 1351 408 Et
1375 377 1419 409 sic
1442 377 1523 409 facta
1546 380 1593 409 est
1616 377 1763 410 excitatio
1787 378 2006 411 multitudinis.
2300 418 2303 420 ¹

1405 431 1433 461 7.
1460 430 1561 471 (Vers.
1587 431 1641 471 5.).
1668 430 1757 462 Exiit
1780 431 1839 474 qui
1860 432 2001 464 seminat
2024 436 2081 465 etc.
2108 433 2177 466 Post
2200 442 2274 466 3011-
2305 440 2410 466 seeundo.
2455 435 2457 450 ²

1315 482 1527 524 gregationem
1546 482 1755 516 multitudinis
1779 483 1905 516 additur
1929 484 1979 517 hic
1995 485 2132 518 secundo
2152 495 2274 528 propo—
2285 467 2437 523 ῗῗῑῗεῗιῗοῗιῖοἷῖ
2455 514 2457 521 ,

1314 533 1390 566 sitio
1413 535 1652 567 similitudinis.
1679 535 1714 567 Et
1741 536 1816 577 quia
1839 536 1981 569 doctrina
2004 537 2096 571 debet
2127 547 2195 571 esse
2226 519 2424 576 311-ᾞὲἶῖῗᾶῗῖ

1315 587 1452 620 cundum
1477 588 1666 629 exigentiam
1690 588 1885 628 auditorum,
1910 590 1979 623 ideo
2003 591 2173 624 similitudo
2202 601 2274 634 pro-
2293 572 2424 620 ξῖιῗῧῖἓῗιιιιιῖῗ

1315 640 1415 681 posita
1438 644 1576 682 quatuor
1605 640 1698 673 habet
1721 641 1912 675 differentias
1939 643 2172 683 membrorum,
2204 653 2275 677 301·-

1316 692 1538 734 respondentes
1561 696 1698 735 quatuor
1721 693 1904 727 differentiis
1927 695 2118 728 auditorum.
2143 697 2275 738 Quidam

1315 745 1397 777 enim
1413 745 1561 784 audiunt,
1579 746 1632 778 sed
1653 755 1714 778 non
1732 746 1882 786 retinent,
1906 751 1942 780 ut
1958 748 2124 787 obliviosi;
2147 749 2276 791 quidam

1314 798 1447 830 audiunt
1471 803 1501 831 et
1526 799 1679 837 retinent,
1709 799 1762 831 sed
1786 808 1846 831 non
1872 799 2004 839 faciunt,
2029 805 2065 833 ut
2096 801 2277 839 desidiosi,-

1314 851 1441 893 quidam
1473 851 1623 890 audiunt,
1656 852 1809 890 retinent,
1841 851 1976 890 faciunt,
2009 853 2155 885 sednon
2191 863 2275 886 com-

1315 905 1418 945 plent,
1450 908 1486 937 ut
1516 905 1694 947 negotiosi,
1725 904 1851 947 quidam
1881 908 1986 937 autem
2018 905 2169 944 audiunt,
2201 906 2275 938 reti-

1315 960 1404 995 nent,
1436 957 1581 990 1331111117
1613 962 1644 991 31
1668 959 1839 1000 complent,
1864 961 1895 991 et
1918 958 1950 990 hi
1979 962 2053 991 sunt
2075 958 2219 991 studiosi
2248 963 2278 991 et

1315 1010 1467 1043 virtuosi.

1404 1064 1482 1096 Haec
1503 1068 1640 1106 quatuor
1656 1073 1771 1106 genera
1795 1064 1957 1097 hominum
1975 1064 2087 1097 similia
2110 1068 2184 1097 sunt
2200 1074 2277 1107 qua-
2289 1071 2385 1119 ῐῐιοωίβ
2397 1071 2438 1120 ffir-

1316 1120 1388 1149 tuor
1411 1116 1595 1150 differentiis
1619 1120 1793 1155 terrarum,
1818 1127 1954 1160 quarum
1980 1118 2081 1159 prima
2105 1126 2211 1150 semen
2226 1103 2392 1158 rc-rffr‘ixi'ai.ae
2419 1104 2438 1120 τ’

1315 1170 1409 1212 cipit,
1432 1169 1488 1202 sed
1513 1179 1579 1202 non
1601 1170 1732 1208 retinet,
1750 1175 1781 1203 et
1804 1174 1957 1212 quantum
1982 1171 2020 1203 ad
2037 1171 2121 1203 illam
2145 1171 2275 1203 dicitur:

1317 1223 1408 1255 Exiit
1435 1223 1495 1266 qui
1527 1224 1671 1256 seminat
1701 1224 1867 1256 seminare
1890 1234 1999 1257 semen
2028 1234 2139 1257 suum.
2167 1225 2277 1264 Exiit,

1316 1276 1433 1309 scilicet
1456 1276 1495 1309 de
1518 1276 1610 1309 domo
1634 1277 1672 1309 ad
1696 1286 1823 1319 agrum,
1849 1277 1908 1310 hoc
1932 1280 1980 1310 est
1995 1277 2034 1310 de
2057 1278 2162 1320 quiete
2178 1278 2216 1310 ad
2234 1278 2278 1310 la-

1271 1350 1277 1355 -
1317 1329 1443 1368 borem3
1469 1329 1648 1363 Psalmus¹³r
1679 1343 1694 1358 «
1713 1330 1817 1363 Exibit
1840 1331 1935 1364 homo
1955 1331 1993 1364 ad
2016 1341 2097 1373 opus
2120 1341 2215 1364 suum
2247 1334 2279 1364 et

1316 1381 1353 1413 ad
1377 1382 1588 1423 operationem
1615 1392 1702 1415 suam
1728 1392 1830 1425 usque
1853 1383 1892 1416 ad
1916 1392 2078 1426 vesperam
2103 1397 2133 1416 n.
2160 1384 2196 1416 Et
2226 1383 2277 1417 hic
2291 1389 2439 1438 Qffgtiinggitow-

1317 1433 1405 1466 labor
1429 1435 1479 1466 vel
1502 1439 1550 1467 331
1574 1436 1605 1467 111
1629 1445 1724 1477 opere
1747 1435 1906 1475 iustitiae,
1932 1436 1982 1469 vel
2006 1436 2276 1475 misericordiae,
2404 1432 2410 1437 ”

1315 1486 1369 1528 qui
1394 1490 1478 1519 recte
1508 1487 1690 1529 designatur
1721 1497 1777 1529 per
1807 1489 2072 1527 seminationem,
2104 1488 2276 1521 secundum

1315 1539 1391 1571 illud
1418 1539 1619 1572 Ecclesiastae
1644 1541 1854 1573 undecimo⁹:
1884 1554 1899 1570 «
1917 1542 2004 1574 Mane
2028 1541 2147 1574 semina
2171 1550 2277 1574 semen

1315 1596 1424 1631 tuum,
1442 1596 1473 1624 et
1489 1601 1620 1634 vespere
1636 1601 1675 1625 ne
1692 1597 1791 1625 cesset
1816 1602 1927 1625 manus
1943 1597 1998 1625 tua
2011 1606 2046 1632 »;
2063 1597 2094 1626 31
2111 1593 2205 1626 Isaiae
2222 1593 2277 1625 tri-

1314 1645 1432 1688 gesimo
1457 1645 1609 1678 secundo:
1639 1658 1655 1673 «
1672 1645 1771 1684 Beati,
1787 1645 1841 1687 qui
1866 1646 2025 1678 seminatis
2049 1654 2145 1687 super
2169 1654 2277 1678 omnes

1314 1708 1427 1741 aquas,
1452 1698 1656 1731 immittentes
1688 1698 1797 1740 pedem
1821 1698 1910 1731 bovis
1941 1702 1972 1730 31
2002 1698 2128 1731 asini».
2153 1717 2198 1721 —
2221 1698 2276 1731 Vel

1314 1753 1407 1785 etiam
1424 1755 1471 1785 est
1487 1753 1517 1785 in
1541 1762 1691 1785 sermone
1707 1752 1894 1790 doctrinam,-
1916 1751 1999 1784 unde
2021 1751 2060 1784 de
2076 1751 2171 1784 Paulo
2187 1760 2277 1793 prae-

1314 1806 1436 1839 dicante
1452 1806 1568 1839 dicitur
1585 1807 1716 1839 Actuum
1734 1806 1854 1839 decimo
1871 1805 2003 1848 septimo
2017 1805 2056 1837 ¹⁰:
2079 1818 2094 1833 «
2111 1804 2192 1846 Quid
2209 1804 2277 1849 vult

1315 1859 1485 1891 seminator
1501 1859 1671 1892 verborum
1690 1859 1741 1892 hic
1757 1859 1861 1892 dicere
1878 1862 1913 1891 n?
1935 1859 1971 1891 Et
1987 1859 2046 1891 isto
2062 1858 2180 1891 semine
2195 1858 2277 1890 mul-

1316 1911 1453 1952 tiplicata
1465 1915 1511 1944 est
1525 1912 1677 1950 Ecclesia,
1694 1912 1866 1945 secundum
1888 1912 1965 1945 illud
1983 1912 2102 1954 primae
2115 1911 2195 1944 Petri
2213 1911 2277 1954 pri-

1315 1972 1387 1996 mo:
1417 1976 1433 1992 «
1450 1964 1556 1996 Renati
1573 1974 1635 1997 non
1659 1974 1701 1997 ex
1725 1965 1843 1998 semine
1859 1964 2075 2007 corruptibili,
2096 1964 2150 1997 sed
2174 1964 2276 1997 incor-

1317 2016 1476 2058 ruptibili,
1509 2025 1565 2058 per
1598 2017 1730 2050 verbum
1763 2018 1818 2050 Dei
1851 2018 1911 2051 vivi
1945 2021 1976 2051 et
1999 2017 2213 2060 permanentis
2244 2017 2277 2050 in

1315 2073 1480 2102 aeternum
1498 2082 1527 2101 n.
1554 2069 1589 2102 Et
1605 2069 1643 2102 de
1661 2070 1718 2102 1133
1743 2070 1945 2104 seminatione
1961 2070 2105 2113 intelligit
2129 2070 2198 2110 hic;
2222 2069 2276 2103 sed

1316 2123 1414 2161 haec,
1447 2122 1519 2155 licet
1549 2122 1588 2155 de
1619 2131 1652 2155 se
1683 2131 1807 2164 semper
1839 2123 1878 2155 sit
1910 2124 1991 2156 bona
2025 2126 2057 2156 et
2090 2123 2275 2162 fructuosa,

1315 2175 1457 2208 variatur
1482 2178 1584 2208 tamen
1613 2175 1787 2208 secundum
1810 2175 2018 2209 differentiam
2050 2180 2154 2210 terrae
2177 2176 2276 2210 susci-

1315 2229 1438 2272 pientis.

1407 2282 1437 2314 8.
1462 2281 1621 2324 Quaedam
1645 2281 1727 2314 enim
1752 2280 1911 2323 suscipit,
1929 2281 1982 2313 sed
2005 2291 2072 2314 non
2087 2282 2222 2321 retinet,
2245 2285 2277 2315 et
2294 2290 2367 2312 Prima
2380 2289 2439 2311 diffo-

2287 2317 2358 2338 rentia
2373 2318 2440 2338 torra-

1316 2335 1385 2368 11130
1408 2339 1563 2377 quantum
1595 2334 1633 2367 ad
1666 2334 1750 2367 illam
1774 2334 1901 2367 subdit:
1929 2335 1968 2366 Et
1998 2335 2080 2367 dam
2110 2335 2388 2391 “Wimssfflmg
2401 2348 2439 2380 11³7

1316 2387 1429 2426 aliud,
1454 2387 1485 2420 id
1508 2391 1557 2421 est
1578 2387 1639 2420 alia
1663 2396 1736 2429 pars
1753 2387 1894 2425 seminis,
1919 2386 2032 2419 cecidit
2054 2397 2149 2420 secus
2164 2388 2274 2428 viam,

1315 2450 1372 2484 per
1395 2450 1490 2483 quam
1515 2441 1632 2474 scilicet
1655 2444 1703 2474 est
1733 2440 1915 2479 discursus,
1939 2444 1971 2473 et
1994 2440 2064 2473 ideo
2087 2450 2149 2474 non
2173 2445 2221 2491 est
2243 2442 2275 2474 in

2297 1706 2374 1728 Aliter.

1312 2675 1372 2701 ideo
1391 2675 1476 2701 solum
1497 2674 1521 2699 in
1542 2674 1672 2706 parabolis
1692 2674 1821 2708 loquitur,
1841 2674 1888 2700 sed
1908 2677 1935 2700 nt
1955 2673 2054 2700 maiore
2073 2680 2133 2699 curn
2153 2673 2273 2705 emphasi

1312 2719 1394 2745 verba
1415 2721 1510 2745 faceret
1529 2722 1553 2745 et
1573 2719 1658 2751 magis
1671 2719 1813 2745 memoriae
1832 2719 1995 2751 imprimeret
2013 2725 2109 2751 resque
2128 2717 2178 2743 sub
2201 2725 2274 2750 aspe-

1312 2766 1383 2789 ctum
1397 2766 1506 2795 poneret
1518 2772 1544 2788 n.
1560 2763 1605 2788 His
1619 2763 1707 2789 verbis
1726 2763 1911 2795 praemiserat,
1924 2762 1997 2796 quod
2010 2762 2128 2789 Christus
2146 2762 2173 2787 in
2185 2764 2275 2788 monte

1312 2807 1410 2840 (Matth.
1439 2807 1475 2839 5.)
1501 2814 1553 2833 11011
1581 2814 1629 2839 per
1657 2810 1693 2833 tot
1715 2806 1854 2839 parabolas
1873 2814 2021 2833 sermonem
2045 2807 2189 2838 contexuit,
2207 2807 2275 2833 sicut

1312 2852 1354 2877 hic
1374 2851 1472 2884 (Matth.
1494 2851 1560 2884 13.),
1580 2851 1625 2877 ubi
1645 2854 1828 2884 proponuntur
1847 2850 1988 2884 parabolae
2007 2851 2040 2877 de
2059 2851 2219 2882 seminante,
2240 2851 2273 2877 de

1312 2895 1429 2928 zizaniis,
1449 2895 1482 2921 de
1501 2902 1584 2928 grano
1603 2895 1713 2928 sinapis,
1733 2896 1767 2921 de
1785 2897 1908 2922 thesauro
1927 2895 2081 2922 abscondito
2100 2898 2148 2922 etc.

1385 2939 1396 2954 ⁰
1407 2941 1500 2966 Psalm.
1512 2940 1553 2973 48,
1565 2941 1591 2966 2.
1601 2943 1626 2966 31
1636 2940 1661 2972 5,
1671 2947 1751 2974 quem
1762 2941 1851 2973 plures
1861 2940 1939 2966 codd.
1950 2940 1987 2966 313
1997 2940 2132 2966 exhibent:
2143 2940 2273 2974 Aper-iam

1313 2984 1341 3011 in
1359 2984 1498 3019 parabolis
1522 2991 1633 3016 aurem,
1658 2983 1792 3011 inclinabo
1817 2984 1845 3011 in
1867 2983 1996 3018 psalterio
2016 2988 2065 3010 etc.
2089 2998 2125 3004 —
2148 2985 2272 3018 Sequitur

1312 3029 1353 3055 Ps.
1371 3029 1415 3062 77,
1434 3030 1459 3055 2.
1478 3043 1513 3048 -
1532 3028 1640 3055 inferius
1663 3035 1712 3060 pro
1736 3027 1862 3055 excitatio
1883 3029 1940 3054 Vat.
1965 3027 2137 3061 excercitatio,
2156 3029 2175 3054 F
2199 3036 2213 3054 a
2233 3036 2272 3055 33-

1312 3072 1398 3097 cunda
1412 3079 1490 3098 manu
1503 3071 1647 3104 adunatio,
1660 3072 1733 3105 quod
1746 3072 1869 3098 convenit
1888 3079 1949 3098 cum
1969 3072 2000 3098 iis
2018 3079 2088 3105 quae
2106 3079 2186 3104 supra
2207 3079 2232 3098 n.
2248 3073 2271 3098 1.

1312 3116 1446 3148 proposita
1465 3120 1526 3143 sunt
1545 3120 1570 3142 et
1588 3123 1648 3142 cum
1669 3123 1693 3142 n.
1713 3116 1738 3141 7.
1758 3115 1884 3142 dicendis.

1381 3158 1392 3174 ⁷
1413 3161 1532 3187 Secunda
1551 3168 1646 3187 manus
1665 3160 1690 3186 111
1710 3161 1732 3186 D
1750 3159 1852 3186 addidit
1868 3159 1923 3187 sive
1941 3153 2083 3195 incipiunt.

1382 3202 1393 3217 ⁸
1411 3204 1505 3230 Psalm.
1527 3205 1592 3236 103,
1611 3205 1655 3230 23.

1381 3246 1393 3261 ⁹
1411 3248 1486 3274 Vers.
1505 3249 1536 3279 6,
1555 3251 1614 3280 post
1632 3255 1712 3281 quem
1732 3247 1788 3273 lsai.
1807 3248 1854 3278 32,
1873 3248 1915 3273 20.
1935 3262 1968 3266 -
1992 3248 2119 3280 Superius
2142 3255 2191 3280 pro
2215 3246 2271 3274 sive

1309 3291 1511 3319 misericordiae
1530 3293 1588 3318 Vat.
1609 3292 1650 3319 vel
1667 3290 1877 3318 misericordiae.

1382 3333 1404 3350 ¹⁰
1425 3336 1499 3362 Vers.
1520 3336 1568 3362 ⁴8:
1589 3335 1661 3368 Quid
1683 3334 1740 3362 vult
1765 3334 1968 3362 seminiverbius
1987 3334 2030 3362 hic
2047 3334 2154 3362 dicere?
2173 3349 2208 3355 —
2227 3336 2270 3361 Se-

1309 3379 1399 3413 quitur
1418 3380 1434 3405 1.
1454 3380 1520 3405 petr.
1542 3380 1572 3411 1,
1592 3380 1634 3406 23.
