2476 3921
773 214 967 248 COMMENT.
992 214 1028 246 ΙΝ
1053 213 1292 246 EVANGELIUM
1316 213 1434 246 LUCAE
1457 213 1489 246 C.
1514 213 1549 246 V.

47 316 149 341 confim-
168 308 332 351 Aethiopes
348 321 380 346 υ,
397 306 426 340 id
443 309 491 339 est
507 308 703 348 peccatores3
727 306 866 346 oportet,
883 302 968 346 quod
984 301 1130 344 confidat

167 371 225 406 per
241 370 343 404 spem;
361 359 603 393 Proverbiorum
627 357 777 400 vigesimo
792 365 893 389 nono:
914 368 930 385 α
947 355 1007 397 Qui
1024 358 1130 397 sperat

168 415 200 449 in
224 414 356 448 Domino
379 411 592 451 salvabitur»;
608 413 640 444 et
655 410 694 443 ad
711 410 864 443 Romanos
879 411 1007 442 octavo:
1037 421 1053 437 α
1069 408 1129 450 Spe

168 467 245 502 salvi
261 466 333 500 sacti
349 474 461 500 sumus
475 478 507 497 n.
525 464 561 497 Et
576 464 654 497 haec
671 463 732 496 tria
748 462 876 505 pariunt
892 461 1128 500 contritionem;

168 521 263 555 Isaiae
286 518 435 562 vigesimo
458 520 564 551 sexto:
595 529 611 546 α
626 516 649 549 Α
664 516 742 549 facie
759 518 828 555 tua,
853 514 1002 554 Domine,
1019 522 1129 547 conce-

168 574 273 617 pimus
295 575 327 606 et
349 571 440 614 quasi
463 569 694 613 parturivimus
716 572 748 602 et
775 568 958 611 peperimus
980 566 1128 610 spiritum

10 645 11 655 1
168 626 278 661 Salutis
293 638 324 658 »-

9 667 11 723 1
258 679 310 713 38.
337 678 393 711 Per
413 680 628 720 praeceptum
651 674 747 718 Leqis
770 674 996 708 observandae
1015 673 1129 706 intelli-

10 726 76 774 fQuid
89 745 150 769 pm-
167 734 271 778 gimus
301 730 530 774 susceptionem
565 728 756 763 sacramenti
792 727 1010 770 poenitentiae.
1043 726 1130 760 Unde

10 775 39 824 {⁰⁸
54 767 149 817 Ἧιέἷ
166 786 309 825 attende,
338 784 423 827 quod
453 786 592 826 quatuor
623 782 792 825 praecipit,
824 781 943 814 scilicet
974 781 1042 820 ire,
1079 784 1129 813 ta-

43 821 130 879 vanua-e·
167 849 254 879 cere,
278 837 444 871 ostendere
478 839 510 869 et
540 834 677 879 offerre:
702 834 770 874 irc,
794 842 868 876 cum
896 833 986 867 dicit:
1023 833 1129 871 Vade,-

10 879 154 936 *pnffipun-
168 897 292 926 tacere.-
316 890 451 924 Nemini
472 889 620 928 dixeris;
644 888 829 921 ostendere:
849 887 987 920 Ostende
1010 890 1055 925 te,·
1079 885 1129 929 of-

10 943 11 965 ἷ
47 953 148 977 Primum·
166 945 280 990 ferre:
314 943 402 988 Offer
431 952 566 976 munus.
599 961 642 966 ——
678 941 783 980 Vade,
815 940 934 974 scilicet
955 939 1129 973 deserendo

167 1000 311 1042 peccata,
334 997 417 1030 sicut
439 995 619 1034 adulterae,
644 993 765 1027 loannis
787 996 898 1026 octavo
912 994 940 1025 ¹:
963 1005 978 1021 a
996 992 1080 1026 Vade
1098 995 1129 1025 et

9 1048 148 1090 Jsoeundum.
167 1051 302 1094 amplius
332 1049 395 1083 noli
427 1057 557 1091 peccare
573 1062 604 1080 ».
629 1066 674 1071 -
706 1048 825 1080 Tacere
857 1046 1010 1088 praecipit
1033 1046 1129 1085 bona,

167 1114 207 1139 ne
230 1105 271 1138 sit
294 1104 375 1137 sicut
398 1103 450 1136 ille
474 1102 678 1141 Pharisaeus,
696 1101 777 1134 infra
792 1100 914 1134 decimo
929 1103 1057 1139 octavo,
1074 1099 1129 1142 qui

9 1155 10 1172 ³
46 1165 148 1188 ‘tertium-
166 1158 302 1192 dicebat:
326 1170 341 1186 α
353 1157 418 1190 Non
437 1165 507 1190 sum
524 1156 606 1189 sicut
621 1154 716 1189 ceteri
734 1154 899 1187 hominum
912 1167 942 1186 ».
960 1172 1001 1176 —
1018 1153 1130 1186 Osten-

166 1211 243 1244 dere
274 1209 426 1256 praecipit
457 1209 555 1248 mala,
585 1208 668 1242 sicut
702 1207 755 1240 lob
786 1207 948 1250 trigesimo
977 1206 1128 1248 primofl:

173 1277 189 1294 α
205 1264 236 1297 Si
259 1263 405 1297 abscondi
431 1262 523 1305 quasi
546 1262 641 1294 homo
664 1263 828 1303 peccatum
852 1268 958 1292 meum
975 1262 1011 1291 »ἵ
1035 1258 1066 1291 id
1082 1262 1130 1291 est

166 1327 253 1356 ἠοω
270 1317 426 1350 Psalmus:
449 1329 464 1344 «
477 1315 633 1348 Delictum
651 1322 758 1347 meum
776 1313 936 1355 cognitum
953 1312 1008 1345 tibi
1025 1312 1083 1345 feci
1096 1325 1128 1353 ¹?-

7 1384 9 1416 3,
40 1378 149 1407 quanm.
169 1389 210 1414 ᾗ
237 1368 362 1413 Offerre
385 1367 536 1410 praecipit
563 1376 661 1409 opera
691 1365 914 1404 satisfactoria;
943 1364 1128 1398 Psalmus³:

173 1423 343 1466 «introibo
365 1422 396 1455 in
421 1422 549 1455 domum
573 1423 661 1453 tuam
696 1420 728 1452 in
759 1418 969 1458 holocaustis;
999 1417 1128 1451 reddam

169 1477 224 1511 tibi
247 1479 320 1510 vota
343 1484 426 1514 mea,
450 1483 532 1517 quae
555 1473 771 1506 distinxerunt
788 1472 869 1505 labia
885 1480 956 1505 mea
967 1484 983 1500 ι»
991 1484 999 1511 ;
1015 1471 1055 1504 ad
1072 1472 1131 1504 Ro-

168 1538 277 1563 manos
299 1527 501 1561 duodecimo:
531 1539 547 1555 «
564 1525 746 1559 Exhibeatis
776 1533 910 1566 corpora
938 1527 1043 1557 vestra
1074 1525 1130 1557 ho-

169 1583 260 1617 stiam
284 1581 459 1619 viventem,
494 1582 652 1619 sanctam,
676 1579 741 1612 Deo
772 1578 964 1620 placentem,
994 1577 1131 1611 rationa-

120 1673 123 1675 ,
169 1637 231 1670 bile
255 1634 442 1677 obsequium
467 1636 609 1667 vestrum
627 1646 656 1665 ι».
682 1650 724 1656 -
748 1633 828 1665 Haec
851 1635 957 1665 autem
992 1634 1131 1675 quatuor

169 1692 366 1724 concurrunt
389 1687 565 1721 necessario
588 1686 627 1719 ad
659 1686 896 1719 Sacramentum
921 1686 1131 1728 poenitentiae

169 1736 306 1785 perfecte
329 1740 559 1783 recipiendum,
584 1738 702 1772 scilicet
724 1739 843 1781 peccati
872 1739 1027 1778 desertio,
1058 1748 1132 1782 pec-

170 1795 285 1829 catoris
309 1793 499 1832 humiliatio,
524 1792 643 1835 peccati
667 1792 814 1832 ostensio,
832 1791 1052 1825 satisfactionis
1075 1791 1131 1825 ob-

171 1849 255 1882 latio.
587 1854 590 1856 ’
615 1879 617 1881 ,

260 1901 312 1935 39.
338 1901 471 1934 Demum
494 1899 703 1933 dissolvenda
726 1903 773 1932 est
803 1909 973 1942 apparens
1004 1903 1133 1932 contro-

8 1962 156 2012 soleupdoffi-
169 1955 281 1990 versia
303 1954 385 1988 inter
409 1954 602 1987 Matthaeum
625 1950 660 1986 et'
680 1953 814 1986 Lucam:
838 1953 914 1996 quia
945 1953 1005 1986 hoc
1035 1953 1132 1986 mira-

7 2002 8 2013 *
36 1992 127 2039 οἶῗιῖιῑὲ.
148 2001 156 2006 “
169 2009 277 2042 culum
300 2007 375 2041 dicit
399 2006 599 2040 Matthaeus4
622 2015 691 2040 esse
714 2006 831 2040 factum
855 2009 926 2048 post
954 2015 1132 2039 sermonem

169 2060 293 2095 Domini
316 2060 349 2093 in
372 2062 496 2099 monte,
521 2059 573 2093 hic
596 2060 695 2093 Lucas
718 2062 828 2092 narrat
851 2059 943 2102 longe
965 2063 1037 2093 ante
1065 2068 1132 2093 ser-

13 2122 157 2172 Viffisopondi
172 2124 305 2149 monem.
331 2132 373 2138 —
397 2113 440 2147 Ad
464 2113 549 2156 quod
573 2117 620 2147 est
643 2113 762 2156 duplex
785 2113 836 2146 via
851 2113 1040 2146 dissolvendi
1057 2122 1132 2146 con-

58 2155 128 2177 um*
170 2168 373 2202 troversiam:
398 2167 463 2201 sive
487 2167 561 2210 quia
584 2167 665 2201 alius
689 2176 794 2201 sermo
817 2167 894 2206 fuit,
911 2175 1006 2209 quem
1023 2169 1133 2199 narrat

170 2222 287 2261 Lucas;
311 2221 409 2260 alius,
433 2229 528 2264 quem
545 2221 720 2254 Matthaeus
737 2239 779 2262 ÷
795 2220 888 2253 cuius
903 2220 1040 2262 signum,
1057 2219 1132 2261 quia

170 2275 271 2309 multa
293 2274 444 2308 dicuntur
469 2275 500 2308 in
524 2284 561 2308 eo
585 2283 747 2313 sermone,
772 2282 853 2316 quae
887 2282 949 2306 non
980 2272 1131 2306 dicuntur

171 2329 203 2362 in
226 2328 312 2361 alio⁶
337 2347 380 2352 -—
403 2328 469 2362 sive
490 2328 565 2371 quia
588 2328 670 2361 idem
695 2336 799 2360 sermo
829 2326 889 2359 fuit
911 2325 1059 2359 differens
1083 2334 1132 2359 se-

171 2382 309 2416 cundum
333 2382 483 2418 maiorem
508 2381 751 2423 explicationem
782 2382 814 2412 et
844 2379 1008 2412 minorem.
1043 2379 1131 2412 Tunc

170 2435 393 2469 attendendum
428 2438 497 2474 est,
532 2433 617 2477 quod
651 2432 864 2475 Evangelistae
902 2441 965 2465 non
1004 2435 1132 2466 servant

171 2488 299 2522 omnino
322 2489 436 2522 seriem
460 2487 506 2521 rei
529 2490 648 2529 gestae,
673 2486 727 2519 sed
742 2495 779 2519 eo
797 2486 889 2519 modo
905 2489 1051 2525 narrant,
1068 2495 1132 2528 quo

38 848 130 876 Quatuor

170 2541 269 2584 magis
291 2541 364 2574 facit
387 2541 426 2573 ad
449 2548 525 2574 suae
547 2539 728 2572 intentionis
756 2539 1018 2581 prosecutionem.
1043 2538 1132 2572 Unde
1161 2535 1165 2588 Ι

171 2595 365 2638 Augustinus
387 2594 419 2626 in
443 2593 581 2626 secundo
605 2592 686 2625 libro
701 2593 713 2612 ⁸
738 2592 776 2626 de
799 2592 972 2626 Concordia
994 2593 1132 2635 Evange—

171 2648 334 2681 listarum:
365 2660 380 2676 ι(
397 2646 477 2689 Quid
512 2646 660 2685 interest,
692 2646 764 2689 quis
792 2655 856 2689 quo
884 2646 994 2679 ordine
1018 2648 1131 2688 ponat,

172 2701 237 2734 sive
260 2699 345 2742 quod
368 2708 410 2733 ex
433 2699 542 2733 ordine
566 2699 693 2739 inserit,
718 2699 783 2733 sive
807 2699 892 2742 quod
916 2699 1068 2732 omissum
1085 2708 1132 2732 re-

172 2754 259 2793 colit,
284 2753 349 2786 sive
373 2753 458 2796 quod
474 2756 583 2795 postea
598 2753 715 2786 factum
732 2755 804 2786 ante
820 2755 1039 2795 praeoccupat,
1055 2752 1132 2785 dum

172 2948 285 2980 Vulgata
303 2945 501 2979 sublevabitur,
523 2947 543 2972 D
560 2945 703 2973 sanabitur
711 2955 721 2979 ,·
740 2946 816 2972 Rom.
831 2946 856 2978 8,
869 2945 913 2971 24.
926 2948 951 2971 et
964 2945 1020 2971 lsai.
1035 2945 1077 2977 26,
1091 2945 1132 2971 17,

172 3006 207 3012 —
226 2992 333 3018 interius
353 2994 412 3023 post
429 2990 547 3025 confidat
565 2990 682 3017 secunda
701 2996 794 3016 manus
812 2989 838 3015 in
859 2990 879 3015 D
898 2989 1000 3015 addidit
1011 2991 1036 3017 et
1048 2991 1133 3024 royet.

244 3035 253 3050 ¹
274 3036 349 3062 Vei-s.
370 3036 411 3060 11.
430 3048 466 3054 -
485 3034 602 3061 Subinde
621 3035 747 3067 allegatur
765 3034 827 3060 Luc.
850 3035 896 3067 18,
919 3034 959 3060 11.

243 3078 254 3094 ⁹
275 3080 350 3106 Vers.
370 3080 418 3111 33,
437 3082 498 3112 post
515 3086 595 3113 quem
615 3080 656 3106 Ps.
675 3080 718 3110 31,
738 3080 762 3105 5.

244 3122 255 3138 ³
274 3124 367 3149 Psalm.
388 3123 436 3155 65,
457 3124 499 3150 13.
518 3138 553 3144 -
572 3123 695 3157 Sequitur
713 3124 789 3149 Rom.
813 3124 857 3154 12,
878 3123 901 3148 1.

243 3166 255 3182 ⁴
274 3167 336 3200 Cap.
358 3168 388 3199 8,
410 3168 434 3193 1.
446 3175 535 3201 seqq.:
548 3167 614 3195 Cum
629 3171 716 3194 autem
731 3166 909 3193 descendisset
921 3167 955 3193 de
968 3170 1058 3193 monte
1069 3170 1133 3198 etc.;

174 3213 220 3239 cfr.
234 3211 299 3238 ibid.
315 3212 345 3243 5,
361 3212 385 3237 1.
397 3219 485 3245 seqq,
499 3212 544 3238 ubi
558 3215 677 3238 narratur
690 3211 724 3238 dc
737 3218 859 3237 sermone
872 3211 976 3237 Domini
990 3212 1016 3237 in
1030 3214 1119 3238 monte
1128 3231 1135 3244 ‚

173 3263 254 3290 quem
273 3256 378 3282 exhibet
396 3257 458 3282 Luc.
478 3256 508 3289 6,
531 3256 572 3282 17.
591 3263 665 3290 seqq.

244 3298 256 3313 ³
274 3299 326 3326 Ctr.
345 3300 411 3326 infra
430 3307 454 3326 c.
477 3300 502 3326 6.
523 3307 549 3326 n.
569 3301 611 3326 62.
633 3301 675 3326 63.
1123 3316 1127 3319 «

245 3342 256 3359 ⁰
275 3344 338 3377 Cap.
360 3345 403 3371 21.
423 3352 447 3370 n.
468 3345 511 3376 51,
531 3344 577 3370 ubi
596 3352 644 3377 pro
663 3343 705 3371 vel
722 3343 785 3377 sibi,
805 3343 847 3371 vel
859 3343 940 3371 alteri
951 3347 1036 3371 textus
1054 3344 1134 3376 origi-

174 3388 240 3416 nalis
257 3395 305 3415 nec
323 3387 387 3421 sibi,
409 3394 457 3415 nec
475 3388 570 3421 alteri,
590 3389 637 3422 qui
656 3389 734 3415 etiam
753 3390 892 3421 posthaec
905 3388 986 3415 verba
1000 3389 1075 3421 plura
1088 3388 1135 3414 ad-

2094 215 2153 248 123

1195 304 1298 334 tamen
1334 311 1396 334 non
1428 301 1614 335 adversetur
1645 302 1752 335 eadem
1785 303 1833 335 vel
1858 303 1918 335 alia
1941 305 2081 336 narranti
2107 306 2156 338 vel

1193 354 1270 393 sibi,
1295 355 1344 388 vel
1367 355 1482 387 alteri?
1504 355 1586 388 Satis
1601 355 1684 388 enim
1702 356 1862 398 probabile
1878 360 1939 395 est,
1957 358 2040 399 quod
2058 368 2156 392 unus-

1194 408 1331 450 quisque
1366 408 1635 450 Evangelistarum
1667 417 1704 441 eo
1739 409 1849 442 ordine
1883 410 1991 443 didicit
2025 421 2156 445 narrare

1192 460 1349 500 debuisse,
1374 470 1438 503 quo
1461 461 1612 494 voluisset
1637 462 1720 494 Deus
1743 471 1780 494 ea
1796 462 1881 504 ipsa,
1898 472 1979 504 quae
1997 465 2155 505 narrabat,

1193 513 1263 547 eius
1286 514 1494 547 recordationi
1519 523 1708 556 suggerere,
1734 515 1764 546 in
1789 514 1834 547 eis
1857 515 2025 549 dumtaxat
2050 518 2155 556 rebus,

1194 576 1332 609 quarum
1356 567 1451 607 ordo,
1476 567 1542 600 sive
1566 567 1642 606 iste,
1667 568 1733 600 sive
1765 568 1815 600 ille
1846 568 1903 607 sit,
1929 569 2006 601 nihil
2043 571 2156 604 minuit

1193 620 1372 653 auctoritati
1402 620 1590 663 veritatique
1622 621 1818 663 evangelicae
1835 634 1865 653 n.
1890 640 1931 646 —
1958 623 1993 654 Et
2017 632 2073 665 per
2098 624 2157 657 lioc

1193 676 1280 716 patet
1309 673 1472 707 dissolutio
1503 674 1605 707 omnis
1634 674 1882 714 contrarietatis,
1919 685 2000 717 quae
2032 677 2156 710 videtur

1193 728 1362 770 provenire
1384 736 1426 761 ex
1449 727 1560 761 ordine
1583 727 1755 761 differente.

1283 780 1337 812 40.
1363 780 1403 812 Et
1425 778 1554 822 factum
1579 784 1625 812 est
1648 780 1684 813 in
1709 790 1779 813 una
1795 781 1936 813 dierum.
1958 782 2157 816 Confirmatis
2171 787 2277 810 smnus„
2293 787 2321 808 <¹0

2190 817 2299 834 uuallon?

1193 831 1355 874 discipulis
1379 841 1435 875 per
1459 833 1653 866 curationem
1687 833 1819 875 leprosi,
1853 834 1903 866 hic
1934 834 1972 866 ad
2006 835 2155 868 maiorem
2189 841 2299 870 wamia

1193 884 1377 918 firmitatem
1401 885 1569 918 confirmat
1592 886 1716 919 eosdem
1743 895 1798 928 per
1815 887 1990 920 mirabilem
2007 889 2156 921 sanatz'o-
2181 869 2309 914 ‘ruff-¹³⁰⁴

1193 947 1266 970 nem
1287 938 1483 982 paralytici.
1508 939 1606 972 Cuius
1636 939 1850 972 admirabilem
1886 941 2078 974 sanationem
2104 942 2157 975 dc-

1194 992 1304 1025 scribit
1327 992 1523 1035 Evangelista
1546 993 1606 1026 hoc
1628 993 1747 1026 ordine.
1774 994 1876 1026 Primo
1900 1004 2035 1037 namque
2060 996 2157 1028 intro-

1193 1045 1323 1078 ducitur
1358 1046 1591 1088 opportunitas
1625 1047 1788 1079 miraculi
1821 1046 1989 1090 facicndi;
2019 1049 2157 1082 secundo

1194 1107 1288 1138 vero,
1313 1099 1489 1142 inteqritas
1519 1099 1682 1132 miraculi
1708 1099 1864 1143 perfecti,
1896 1101 1977 1133 ibi⁷:
2005 1102 2157 1143 Quorum

1193 1151 1292 1194 sidem
1315 1156 1392 1192 etc.;
1418 1153 1511 1185 tertio
1536 1162 1625 1192 vero,
1658 1153 1828 1187 celebritas
1862 1155 2024 1188 miraculi
2052 1156 2156 1198 publi-

1194 1205 1277 1244 cati,
1302 1205 1362 1238 ibi:
1391 1207 1429 1238 Et
1451 1210 1569 1248 stupor
1593 1205 1810 1249 apprehendit
1834 1211 1892 1240 etc.

1286 1259 1527 1301 Opportunitas·
1549 1263 1655 1293 autem
1681 1261 1841 1293 miraculi
1861 1260 2011 1309 faciendi
2038 1263 2320 1305 601111,τί-Θυρεπιῡῡῑ.ιᾶς

2195 1294 2290 1314 miraculi

1194 1312 1248 1343 tur
1270 1319 1312 1343 ex
1337 1315 1492 1353 quatuor,
1516 1312 1634 1345 scilicet
1657 1321 1698 1345 ex
1723 1313 1933 1346 multitudine
1959 1315 2077 1357 populi
2099 1325 2153 1347 ως·
2181 1320 2303 1367 οεῑὲῡψτ,

1192 1363 1356 1402 sistentts,
1380 1373 1421 1396 ex
1441 1365 1706 1407 promptitudine
1740 1366 1875 1398 virtutis
1901 1368 2075 1407 sanantis,
2112 1377 2154 1401 ex
2169 1352 2211 1372 ω
2224 1352 2313 1394 [5²3¹OE-

1191 1417 1373 1459 yravedinc
1393 1417 1503 1450 morbi
1525 1419 1760 1460 opprimentis,
1785 1429 1827 1453 ex
1843 1420 2062 1454 sollicitudine
2077 1421 2156 1463 fidei

1194 1469 1368 1513 offerentis.

1284 1524 1337 1557 [41.
1355 1524 1456 1566 (Vers.
1477 1525 1552 1566 17.).
1571 1525 1674 1558 Primo
1691 1535 1766 1569 ergo
1778 1526 1817 1559 ad
1829 1526 2054 1569 designandum
2072 1528 2158 1560 mul-
2177 1531 2256 1553 Primo-

1195 1576 1369 1610 titudinem
1389 1578 1508 1621 populi
1523 1579 1727 1619 assistentis,
1745 1580 1796 1612 cui
1813 1581 2075 1614 communicanda
2091 1586 2159 1614 erat

1195 1631 1337 1664 veritatis
1364 1631 1525 1671 doctrina,
1557 1631 1696 1665 dicitur:
1730 1634 1770 1665 Et
1800 1631 1932 1675 factum
1960 1639 2005 1666 est
2029 1635 2064 1667 in
2089 1645 2160 1667 una

1195 1685 1347 1724 dierum,
1364 1688 1393 1717 et
1409 1685 1502 1718 Iesus
1515 1685 1528 1704 Β
1548 1685 1679 1719 sedebat
1694 1686 1832 1725 docens;
1847 1687 1995 1726 sedebat,
2012 1688 2140 1730 inquam
2152 1715 2159 1727 ,

1195 1742 1346 1781 tanquam
1370 1739 1521 1782 magister
1544 1743 1576 1773 et
1598 1739 1708 1773 doctor
1726 1741 1917 1783 praecipuus
1933 1745 2062 1783 propter
2078 1742 2161 1775 mul-

1197 1792 1363 1825 titudinem
1387 1792 1575 1835 sapientiae,
1600 1793 1682 1826 sicut
1699 1793 1768 1833 Iob,
1793 1794 1944 1835 vigesimo
1967 1804 2066 1827 nono:
2096 1808 2112 1823 α
2130 1795 2159 1827 Si

1196 1846 1339 1879 volebam
1362 1846 1410 1879 ire
1433 1846 1472 1879 ad
1496 1855 1567 1886 eos,
1592 1846 1736 1880 sedebam
1762 1848 1902 1890 primus;
1920 1857 2057 1890 cumque
2073 1849 2160 1881 sede-

1196 1908 1264 1933 rem
1289 1899 1379 1942 quasi
1403 1908 1481 1939 rex,
1505 1900 1730 1933 circumstante
1754 1900 1917 1939 exercitu,
1942 1910 2028 1933 eram
2056 1905 2159 1934 tamen

1196 1952 1406 1985 moerentium
1438 1953 1616 1986 consolator
1631 1966 1663 1985 ».
1696 1953 1758 1986 Hoc
1782 1953 1893 1995 utique
1917 1953 2008 1986 modo
2033 1954 2160 1987 sedebat

1196 2005 1342 2039 Christus
1364 2006 1397 2038 in
1422 2006 1526 2039 medio
1549 2006 1740 2045 multorum;
1764 2006 1849 2039 unde
1873 2010 1904 2039 et
1926 2006 2095 2039 subditur:
2121 2008 2162 2039 Et

1196 2062 1294 2092 erant
1318 2058 1500 2092 Pharisaei
1518 2060 1663 2092 sedentes
1679 2064 1708 2092 et
1724 2059 1818 2102 Leyis
1834 2060 1989 2092 doctores.
2008 2060 2082 2092 Nam
2101 2060 2159 2102 ipsi

1196 2111 1279 2145 inter
1302 2111 1380 2145 alios
1403 2115 1479 2145 sunt
1500 2112 1759 2151 excellentiores,
1792 2111 1974 2145 Pharisaei
1997 2113 2027 2145 in
2052 2113 2160 2146 obser—

1198 2164 1300 2203 vando
1324 2168 1356 2198 et
1379 2165 1475 2208 Leyis
1498 2166 1646 2198 doctores
1670 2166 1702 2199 in
1726 2166 1909 2199 erudiendo.
1935 2166 1970 2199 Et
1993 2170 2161 2209 propterea

1196 2218 1290 2251 etiam
1314 2218 1373 2260 ipsi
1397 2219 1548 2252 dicuntur
1570 2219 1733 2258 sedentes,
1757 2220 1833 2262 quia
1849 2220 1994 2253 Matthaei
2011 2219 2161 2262 vigesimo

1196 2271 1336 2304 tertio⁹:
1366 2284 1382 2300 α
1398 2272 1500 2314 Super
1523 2271 1706 2304 cathedram
1739 2272 1833 2314 Moysi
1867 2272 2016 2305 sederunt
2040 2272 2160 2305 scribae

1195 2328 1227 2358 et
1259 2325 1464 2358 Pharisaei».
1491 2343 1532 2349 —-
1558 2325 1594 2358 Et
1625 2325 1700 2367 quia
1732 2325 1796 2358 «in
1829 2325 2030 2358 multitudine
2062 2325 2161 2367 plebis

1195 2378 1296 2420 gloria
1311 2378 1463 2421 principis
1478 2391 1510 2417 ι»,
1527 2378 1597 2411 ideo
1613 2378 1737 2417 subdit,
1755 2378 1839 2421 quod
1856 2382 1947 2411 erant
1962 2379 2070 2416 multi,
2088 2387 2160 2410 cum

1195 2432 1259 2465 ait:
1286 2431 1352 2473 Qui
1375 2436 1532 2465 venerant
1555 2442 1595 2464 ex
1616 2432 1708 2465 omni
1723 2431 1853 2465 castello
1875 2432 2043 2465 Galilaeae
2059 2435 2088 2464 et
2107 2432 2160 2463 lu-

1196 2485 1299 2518 daeae
1321 2490 1351 2518 ct
1375 2485 1566 2518 Ierusalem.

1286 2539 1338 2571 42.
1365 2539 1400 2571 Et
1424 2542 1515 2578 nota,
1540 2538 1624 2581 quod
1649 2539 1680 2571 in
1706 2539 1755 2572 his
1772 2539 1874 2572 tribus
1891 2538 2042 2581 exprimit
2059 2538 2159 2580 regio-
2178 2543 2322 2591 Nffinssgtffi·

1196 2601 1269 2626 nem
1290 2592 1537 2636 propinquam,
1563 2592 1681 2625 scilicet
1705 2592 1735 2624 in
1765 2592 1942 2629 Galilaea,·
1967 2592 2050 2624 unde
2066 2596 2097 2624 et
2113 2591 2158 2623 di·
2199 2602 2245 2618 nes·
2281 2575 2293 2596 ε

1197 2645 1334 2688 scipulos
1358 2645 1429 2678 inde
1453 2645 1564 2687 elegit,
1589 2644 1762 2678 secundum
1787 2645 1872 2687 quod
1895 2644 2011 2677 dicitur
2027 2645 2160 2677 Actuum

1197 2698 1336 2732 secundo
1350 2699 1396 2730 10;
1426 2711 1442 2727 α
1458 2699 1565 2731 Nonne
1586 2707 1696 2731 omnes
1713 2698 1781 2736 isti,
1806 2698 1860 2740 qui
1886 2698 2078 2740 loquuntur,
2103 2697 2161 2729 Ga-

1197 2752 1278 2785 lilaei
1303 2754 1377 2785 sunt
1393 2754 1430 2783 »2²
1448 2769 1489 2774 —-
1507 2751 1664 2793 Exprimit
1680 2754 1711 2784 et
1725 2751 1946 2793 praecipuam
1963 2751 1993 2783 in
2012 2751 2158 2788 Iudaea,

1198 2945 1243 2971 dit.
1264 2945 1314 2970 Pro
1333 2951 1402 2978 quae
1421 2943 1557 2971 narrabat
1574 2943 1657 2970 CDG
1669 2944 1690 2969 H
1710 2950 1779 2977 quae
1798 2942 1952 2969 narrabant
1971 2942 2006 2976 [H
2027 2943 2161 2974 prosequi-

1198 2991 1240 3015 tur
1253 2996 1348 3015 eorum
1360 2988 1545 3015 recordationi
1561 2987 1639 3022 etc.],
1657 2992 1682 3014 et
1695 2988 1807 3014 subinde
1821 2995 1870 3020 pro
1883 2987 1952 3013 nihil
1964 2986 2062 3013 nzinuit
2080 2986 2098 3012 C
2109 2986 2130 3011 D
2141 2987 2161 3011 ll

1198 3032 1267 3059 nihil
1285 3032 1422 3059 minuunt.
1622 3030 1631 3046 ¹
1653 3033 1727 3058 Vers.
1749 3033 1781 3057 20
1793 3042 1800 3062 ;
1820 3032 1924 3057 tertium
1945 3030 2055 3056 habetur
2074 3037 2098 3054 v.
2119 3030 2161 3055 26.

1270 3075 1281 3091 ⁸
1301 3078 1412 3109 Vulgata
1433 3077 1497 3111 ipse.
1516 3090 1551 3096 —
1570 3076 1688 3103 Subinde
1707 3077 1834 3108 allegatur
1853 3075 1898 3101 lob
1918 3075 1965 3106 29,
1985 3075 2036 3100 25:
2062 3074 2094 3100 Si
2118 3080 2161 3100 vo-

1199 3121 1309 3149 luissem
1328 3121 1368 3148 ire
1387 3125 1436 3147 etc.

1269 3164 1281 3180 ⁹
1300 3167 1375 3193 Vers.
1394 3167 1418 3191 2.
1437 3178 1473 3184 —
1491 3165 1614 3198 Sequitur
1633 3165 1709 3190 Prov.
1731 3164 1779 3194 tt,
1799 3164 1848 3188 28:
1869 3173 1882 3185 α
1896 3163 1922 3188 ln
1938 3162 2102 3188 multitudiue
2117 3169 2161 3193 po-

1198 3210 1252 3242 puli
1272 3210 1386 3242 dignitas
1398 3209 1481 3241 regis,
1495 3212 1521 3234 et
1538 3209 1565 3233 in
1584 3208 1715 3240 paucitate
1735 3206 1818 3240 plebis
1838 3206 1982 3239 ignominia
1997 3205 2123 3237 principis
2136 3215 2160 3230 ›.

1199 3255 1237 3281 De
1255 3254 1400 3280 pharisaeis
1418 3253 1481 3279 vide
1494 3259 1563 3286 qnae
1576 3259 1606 3278 ex
1620 3253 1731 3284 August.
1744 3252 1879 3277 attulimus
1892 3255 1954 3277 tom.
1971 3252 2010 3276 Vl.
2025 3257 2087 3283 pag.
2101 3249 2161 3279 273,

1198 3302 1260 3325 nota
1289 3299 1322 3330 35
1350 3299 1395 3324 cir.
1424 3298 1502 3324 etiam
1531 3297 1597 3322 Petr.
1626 3295 1776 3328 Comestor‚
1810 3296 1904 3321 Histor.
1938 3294 2104 3325 scholastica,
2136 3293 2160 3318 in

1200 3345 1299 3375 Evang.
1320 3349 1342 3368 c.
1363 3342 1406 3368 31.

1272 3385 1294 3401 ¹⁰
1313 3387 1388 3412 Vers.
1407 3386 1433 3411 7.
1453 3384 1504 3412 Csr.
1519 3386 1545 3411 S.
1559 3386 1672 3416 Bonav.‚
1692 3384 1838 3411 Commeut.
1859 3384 1884 3409 in
1899 3384 1966 3409 ioan.
1982 3389 2003 3407 c.
2024 3383 2042 3407 l.
2058 3389 2084 3407 n.
2105 3382 2160 3406 101.
