2476 3921
303 247 368 279 456

304 335 452 377 dignum;
469 334 500 365 in
517 333 609 365 cuius
621 331 666 365 rei
681 331 817 373 signum,
831 329 959 363 secundi
976 329 1095 371 Regum
1112 327 1262 365 ultimo¹‚

310 401 326 417 α
342 387 497 430 percussit
520 390 626 419 autem
650 394 704 418 cor
728 383 825 417 David
849 391 938 421 eum,
959 385 1128 424 postquam
1153 388 1264 413 nume-

306 445 395 475 ratus
406 439 464 473 'est
487 439 641 482 populus;
665 442 696 471 et
712 437 794 481 dixit
818 436 915 469 David
931 435 971 468 ad
987 434 1174 467 Dominum:
1192 434 1264 466 Pec-

306 494 373 528 cavi
398 493 487 527 valde
522 493 553 525 in
589 493 647 525 hoc
682 492 782 530 facto,
814 490 868 524 sed
899 498 1030 531 precor,
1054 487 1203 526 Domine,
1228 490 1265 519 ut

306 547 476 580 transferas
500 546 696 587 iniquitatem
720 544 802 577 servi
827 543 872 576 tui
892 556 920 574 n.
946 542 994 574 Sic
1027 541 1084 574 iste
1108 540 1264 582 percutie-

307 600 360 633 bat
384 602 511 641 pectus,
535 598 625 640 quasi
639 598 828 639 indignatus
851 599 961 629 contra
985 604 1017 627 se
1040 595 1154 636 ipsum.
1180 593 1265 625 Unde

307 652 413 691 Glossa
428 653 454 684 2:
485 665 500 680 «
518 651 654 684 Percutit
690 653 800 692 pectus
823 652 855 682 et
878 657 995 690 poenas
1028 647 1067 679 de
1091 656 1124 679 se
1147 645 1264 687 exigit,

157 714 238 735 Tumio
254 719 291 741 iae-
309 709 345 738 ut
370 705 453 737 Deus
476 708 583 746 parcat
600 718 629 736 n.
654 703 739 736 Unde
763 706 795 735 et
818 701 1053 735 consuetudinis
1077 703 1203 732 nostrae
1218 701 1266 731 est

185 741 258 764 cteris.
310 758 316 763 .

309 768 340 790 in
365 757 557 795 consessione
580 760 612 790 et
632 757 663 789 in
688 756 819 789 dicendo
834 756 958 797 culpam
985 754 1116 786 tundere
1139 755 1267 794 pectora

310 815 416 843 nostra
440 810 470 841 in
496 810 748 851 redargutionem
772 811 803 841 et
831 807 1051 850 poenitentiam
1084 809 1266 838 nostrorum

311 863 452 897 cordium
477 866 507 895 et
523 862 777 895 contestationem
795 861 1066 894 conscientiarum.
1084 859 1169 892 Unde
1185 858 1267 891 infra

310 917 460 959 vigesimo
484 916 601 949 tertio³
624 915 758 953 dicitur,
794 914 876 957 quod
906 927 920 943 «
938 914 1031 946 turba
1065 922 1174 946 eorum
1211 911 1265 953 qui

310 970 404 1003 simul
427 970 557 1003 aderant
572 969 610 1001 ad
627 969 840 1010 spectaculum
857 967 940 1000 istud
961 970 992 999 et
1017 966 1162 999 videbant
1186 973 1267 1007 quae

311 1023 445 1062 fiebant,
470 1022 687 1065 percutiebant
711 1024 836 1063 pectora
860 1029 917 1053 sua
934 1033 964 1051 n.
990 1020 1119 1060 Propter
1135 1017 1219 1060 quod
1235 1021 1267 1050 et

311 1076 421 1108 turasio
442 1080 632 1118 peccorum,
656 1075 737 1107 sicut
760 1074 834 1106 dicit
858 1073 1050 1114 Augustinus
1062 1073 1086 1110 4,
1113 1071 1194 1103 valet
1228 1070 1266 1102 ad

147 1137 298 1185 agcigmffigss
310 1129 524 1162 remissionem
549 1128 735 1166 venialium;
760 1127 843 1160 unde
860 1129 906 1159 est
922 1135 1021 1159 unum
1038 1125 1076 1157 de
1092 1128 1179 1162 octo,
1197 1123 1268 1166 qui-

145 1191 174 1211 da
190 1191 288 1212 venialia.
309 1182 370 1215 bus
393 1182 525 1215 venialia
549 1181 763 1214 remittuntur.
790 1179 927 1213 Veniatia
950 1179 1032 1211 enim
1049 1178 1199 1211 dicuntur
1217 1186 1267 1209 re-

310 1235 389 1267 mitti
414 1234 623 1273 confessione,
656 1233 791 1275 pectoris
824 1233 984 1271 tunsione,
1017 1240 1117 1273 aquae
1141 1230 1267 1263 benedi-

310 1293 377 1321 ctae
399 1288 596 1330 aspersione,
620 1287 724 1320 cordis
740 1286 943 1324 contritione,
959 1285 1062 1318 crucis
1079 1284 1266 1327 signatione,

309 1341 467 1379 oratione,
491 1350 580 1374 sacra
604 1340 832 1378 communione,
856 1339 1045 1372 iniuriarum
1062 1338 1266 1376 remissione;

312 1394 395 1426 unde
420 1394 569 1427 versus⁵:

452 1482 596 1513 Confiteor,
617 1473 712 1514 tundo,
732 1488 886 1513 respergor‚
906 1483 1040 1511 conteror,
1060 1487 1120 1510 oro,

454 1527 561 1558 Signor,
580 1526 644 1556 edo,
665 1526 749 1556 dono,
768 1532 815 1557 per
834 1526 898 1550 haec
918 1524 1027 1549 venialia
1048 1531 1126 1555 pono.

402 1606 454 1638 23.
479 1605 762 1647 Tertio'quantum
785 1604 823 1637 ad
852 1603 1111 1636 insinuatio-nem
1135 1595 1269 1649 humili-

156 1667 197 1696 ¹²21
211 1666 295 1688 numin-
314 1659 391 1691 tatis
411 1668 473 1700 per
495 1658 632 1690 verbam
664 1657 842 1699 subiungit:
871 1657 1002 1689 Dicens:
1032 1657 1132 1694 Deus,
1154 1656 1269 1698 propi-

150 1693 300 1740 ”ziffiffl'ss'
314 1710 381 1742 tiu's
404 1714 468 1742 esto
492 1709 575 1742 milii
594 1710 771 1752 peccatori.
797 1710 873 1742 Nota
897 1709 948 1741 hic
965 1709 1180 1741 brevissimam
1197 1718 1268 1740 ora-

315 1763 429 1795 tionem
453 1766 484 1795 et
507 1762 769 1801 efficacissimam,
786 1762 861 1804 quia
878 1762 907 1794 in
926 1762 983 1794 hac
999 1771 1094 1794 orans
1111 1770 1143 1794 se
1159 1761 1271 1803 ipsum

315 1814 470 1847 humiliat
493 1818 524 1847 et
548 1815 651 1847 Deum
675 1814 819 1852 eaealtat;
843 1817 874 1846 et
908 1814 978 1846 talis
1013 1814 1113 1846 oratio
1137 1817 1183 1846 est
1208 1814 1271 1846 Deo

313 1868 529 1910 acceptabilis,
561 1867 733 1900 secundum
765 1866 842 1899 illud
875 1866 1076 1899 Ecclesiastici
1112 1866 1272 1908 trigesimo

314 1921 467 1963 quintoss:
498 1934 513 1949 «
529 1920 637 1953 Oratio
660 1919 855 1952 humiliantis
878 1929 910 1952 se
935 1920 1035 1952 nubes
1051 1919 1270 1961 penetrabit».

313 1974 412 2007 Deum
444 1974 536 2007 etiam
568 1973 746 2016 magnificat
770 1972 940 2005 humiliter
961 1973 1095 2015 petendo
1123 1973 1271 2011 veniam,-

314 2027 517 2060 Ecclesiastici
541 2027 671 2059 ultimo:
700 2040 716 2055 «ι
735 2026 879 2059 Laudabo
910 2035 1023 2058 nomen
1048 2025 1169 2058 Domini
1194 2026 1272 2058 assi-

312 2081 384 2125 due,
402 2084 433 2113 et
448 2080 598 2113 exaudita
614 2083 661 2113 est
676 2080 777 2113 oratio
793 2088 862 2112 mea
875 2093 889 2108 n
911 2082 969 2112 etc.
988 2079 1162 2121 Magnificat
1177 2079 1270 2112 etiam

160 2122 244 2164 Nomen
260 2141 298 2164 net
312 2143 385 2167 eum
410 2134 556 2166 vocando
580 2133 691 2175 ipsum
721 2133 845 2171 Deum,
874 2133 948 2175 quia
980 2133 1039 2165 hoc
1075 2136 1121 2165 est
1157 2141 1270 2165 nomen

169 2169 236 2193 babet
248 2172 298 2195 qua-

168 2198 216 2226 tuor
226 2196 281 2216 cond

169 2224 246 2244 tiones.

283 2180 463 2219 i-summae
493 2186 694 2224 maiestati&
721 2186 901 2218 Psalmus⁷:
932 2198 947 2214 α
964 2186 1096 2224 Scitote,
1120 2185 1270 2227 quoniam

314 2239 465 2272 Dominus
487 2239 553 2281 ipse
575 2243 623 2271 est
645 2239 745 2277 Deus;
771 2239 837 2280 ipse
864 2238 943 2271 'fecit
968 2247 1043 2277 nos,
1068 2242 1099 2271 et
1122 2247 1184 2270 non
1209 2238 1269 2280 ipsi

313 2301 371 2325 nos
386 2304 417 2331 »3
441 2294 472 2325 et
495 2292 627 2326 iterum:
658 2304 673 2320 α
690 2292 847 2333 Quoniam·
867 2292 950 2324 Deus
966 2300 1098 2333 magnus
1116 2291 1268 2324 Dominus

314 2349 345 2378 et
369 2355 428 2378 rex
452 2354 585 2387 magnus
602 2359 617 2374 ιι
645 2348 704 2378 etc.
729 2363 774 2369 —-
797 2345 848 2378 Est
871 2354 984 2378 nomen
1007 2354 1158 2377 summae
1185 2345 1269 2377 veri-

315 2399 410 2436 tatis,·
434 2399 643 2431 Numerorum
666 2398 816 2440 vigesimo
840 2397 974 2431 terti0⁸:
1006 2398 1098 2431 «Non
1121 2401 1169 2431 est
1185 2398 1269 2431 Deus

315 2454 352 2484 ut
375 2451 468 2484 homo
479 2477 486 2490 ,
504 2454 539 2484 ut
555 2451 724 2484 mentiatur
739 2463 769 2490 n;
786 2455 817 2484 et
832 2451 870 2484 ad
888 2452 1039 2484 Romanos
1056 2451 1164 2484 tertio:
1188 2464 1203 2480 «
1217 2451 1269 2484 Est

389 2602 397 2616 ¹
419 2602 492 2627 Vers.
514 2602 556 2627 10.
575 2615 609 2620 -
629 2602 756 2633 Superius
775 2609 823 2633 pro
843 2601 974 2628 dolentem
994 2602 1052 2628 Vat.
1072 2602 1200 2629 dolorem.

388 2645 399 2660 ²
418 2646 520 2672 Scilicet
539 2644 680 2671 ordinaria
702 2646 742 2678 (ex
762 2646 880 2677 August,
900 2646 947 2671 loc.
966 2647 1019 2679 cit.)
1041 2647 1066 2671 in
1086 2647 1146 2671 Luc.
1169 2647 1210 2677 18,
1232 2647 1273 2671 13.

390 2689 400 2704 ¹³
420 2690 494 2715 Vere.
516 2689 562 2719 48,
583 2689 627 2714 ubi
647 2690 694 2714 FG
714 2689 809 2721 turba,
829 2696 898 2722 quae
925 2692 1084 2716 convenerat
1104 2690 1196 2722 (ACD
1215 2696 1275 2716 con-

319 2735 472 2764 venerunt).

391 2777 401 2791 ⁴
422 2778 501 2809 Epist.
520 2777 581 2802 265.
601 2777 673 2809 (alias
695 2778 765 2810 l08.)
785 2785 812 2803 n.
830 2777 862 2808 7,
882 2785 950 2810 quae
969 2778 1095 2809 allegatur
1114 2785 1128 2803 a
1153 2778 1276 2809 Magistro

321 2823 399 2854 Sent.‚
413 2820 456 2847 lib.
471 2821 512 2846 lV.
526 2821 552 2846 d.
571 2821 641 2846 XVl.
660 2827 682 2846 c.
703 2821 728 2847 5.
748 2821 814 2846 Vide
828 2821 905 2847 etiam
921 2822 1035 2846 Enarrat.
1048 2822 1073 2846 in
1088 2822 1126 2847 Ps.
1148 2821 1191 2847 ³t.
1203 2829 1276 2847 enar-

321 2869 368 2891 rat.
389 2867 412 2891 2.
432 2873 456 2891 n.
478 2866 523 2895 1Ι;
543 2866 626 2890 Serui.
647 2866 688 2890 19.
702 2865 777 2897 (alias
796 2865 819 2891 4.
834 2872 864 2891 ex
878 2865 1076 2897 Sirmondianis)
1098 2873 1122 2891 n.
1143 2867 1172 2897 2;
1192 2867 1276 2891 Serm.

322 2910 366 2935 67.
386 2910 461 2942 (alias
480 2910 505 2934 8.
524 2910 558 2934 de
577 2908 671 2935 Verbis
691 2909 805 2938 Domini)
826 2916 848 2934 c.
878 2910 901 2934 1.
922 2917 947 2935 n.
968 2909 997 2940 1;
1017 2911 1101 2936 Serm.
1124 2910 1184 2935 136.
1204 2918 1228 2935 n.
1248 2912 1278 2941 2;

322 2956 406 2980 Serm.
425 2954 485 2980 351.
506 2953 580 2985 (alias
599 2954 642 2979 50.
662 2953 727 2978 inter
746 2953 779 2978 50
800 2954 933 2986 Homilias)
952 2961 975 2979 c.
996 2955 1019 2980 3.
1039 2961 1063 2979 n.
1083 2955 1108 2980 6.
1122 2955 1278 2980 etGlossam

322 2999 401 3031 paulo
420 2997 542 3030 superius
561 2998 706 3029 allegatam.

395 3041 405 3056 ⁶
424 3043 495 3074 Quos
514 3042 587 3067 affert
605 3041 682 3066 etiam
702 3040 778 3067 Card.
799 3042 883 3074 Ilugo.
902 3054 938 3062 -
957 3043 1014 3068 Vat.
1040 3043 1161 3075 superius
1180 3050 1228 3075 pro
1247 3043 1278 3070 de

323 3087 381 3113 octo
400 3086 485 3117 posito
504 3084 536 3111 de
554 3091 649 3111 novem
669 3085 726 3117 (sed
740 3085 814 3117 vide,
827 3088 922 3119 quanta
937 3085 1049 3112 subinde
1061 3086 1094 3112 ab
1108 3087 1163 3118 ipsa
1183 3087 1292 3112 addan-⁴

324 3130 376 3163 tur)
397 3132 456 3162 post
472 3135 554 3155 sacra
572 3129 759 3156 communione
783 3130 949 3163 prosequitur
976 3130 1207 3165 eleemosynarum
1227 3131 1279 3158 lar-

325 3174 434 3208 gitione,
455 3173 621 3200 iniuriarum
639 3173 809 3207 remissione,
829 3176 951 3202 eoelrema
965 3175 1103 3208 unctione,
1124 3175 1175 3202 levi
1190 3175 1280 3210 poeni-

324 3218 406 3245 tentia
425 3220 450 3245 et
468 3217 652 3252 compassione
677 3218 811 3252 fraterna.
840 3220 896 3251 ipsa
919 3220 997 3246 etiam
1023 3220 1129 3246 duobus
1158 3220 1280 3247 versibus

325 3262 398 3288 addit
417 3262 520 3287 tertium
541 3262 595 3295 (qui
616 3262 745 3288 invenitur
765 3263 790 3288 in
810 3263 935 3297 Centiloq.
958 3271 983 3296 p.
1004 3265 1020 3290 l.
1040 3268 1102 3291 sect.
1123 3266 1152 3298 6,
1172 3265 1206 3292 de
1225 3272 1280 3298 quo

325 3306 388 3332 vide
406 3306 552 3337 Prolegom.
573 3310 633 3331 tom.
656 3307 686 3332 V.
709 3307 749 3332 lo.
770 3306 785 3339 S
805 3308 853 3342 l.):
1114 3309 1118 3312 '

434 3395 537 3427 Unctio,
557 3403 643 3428 poena
663 3396 739 3429 levis,
759 3391 923 3428 compassio,
941 3404 1009 3430 quae
1028 3397 1056 3423 sst
1074 3398 1173 3430 egenis.

870 240 1065 273 COMMENT.
1091 239 1128 278 IN
1151 237 1389 271 EVANGELIUM
1412 235 1529 269 LUCAE
1553 236 1585 267 C.
1610 234 1710 268 xvttt.

1327 325 1409 358 enim
1434 325 1518 357 Deus
1542 332 1640 356 verax
1658 336 1673 351 n
1702 324 1760 355 etc.
1778 340 1822 346 -—
1838 321 1891 354 Est
1906 321 2051 354 similiter
2066 329 2180 355 nomen
2194 330 2287 354 eum-

1327 387 1402 410 mae
1424 377 1598 414 caritatis,·
1615 375 1699 408 unde
1716 374 1836 417 primae
1852 374 1974 407 loannis
1990 377 2104 417 quarto
2116 374 2148 406 ⁹:
2170 387 2187 403 α
2202 373 2287 407 Deus

1327 430 1441 465 caritas
1464 433 1529 468 est,
1553 432 1585 462 et
1608 428 1662 470 qui
1689 430 1792 461 manet
1815 428 1846 460 in
1871 427 2001 461 caritate
2024 428 2056 460 in
2072 428 2137 461 Deo
2164 431 2286 467 manet,

1327 487 1358 517 et
1382 484 1465 516 Deus
1489 483 1520 515 in
1544 491 1582 515 eo
1598 495 1628 514 n.
1645 500 1689 504 -—
1707 481 1758 514 Est
1773 481 1978 513 nihilominus
2001 490 2116 516 nomen
2135 492 2288 515 summae

1325 536 1475 578 pietatm
1511 535 1666 568 secundae
1697 534 1736 566 ad
1770 533 1950 566 Corinthios
1973 533 2093 575 primo:
2127 547 2142 562 α
2159 534 2288 567 Benedi-

1329 592 1399 622 ctus
1422 589 1506 621 Deus
1529 592 1560 621 et
1586 591 1673 630 pater
1697 586 1821 619 Domini
1845 586 1944 619 nostri
1962 586 2031 619 lesu
2047 586 2181 625 Christi,
2199 589 2288 628 pater

1330 642 1617 675 misericordiarum
1641 644 1673 674 et
1703 641 1788 673 Deus
1819 640 1916 672 totius
1947 639 2198 672 consolationis»
2228 642 2287 672 etc.

1329 714 1373 718 —
1408 695 1488 728 Dicit
1521 695 1616 736 igitur
1652 694 1840 736 publicanus
1874 692 1993 725 orando
2028 696 2091 724 tam
2126 692 2290 725 humiliter

1330 758 1424 791 quam
1447 748 1573 781 devote:
1600 748 1699 786 Deus,
1721 746 1892 789 propicius
1915 750 1981 778 esto
2005 745 2089 778 milii
2100 746 2290 788 peccatori,-

1331 802 1414 834 Deus
1437 810 1588 833 summae
1612 800 1815 832 maiestatis.-
1836 799 2007 841 propitius
2024 802 2090 831 esto
2113 797 2198 831 milti
2216 808 2290 841 pec-

1330 854 1455 892 catori,
1481 854 1518 886 ad
1544 852 1800 885 manifestandam
1835 854 1920 884 tuam
1949 852 2150 894 potentiam,
2179 860 2291 885 secun-

1329 907 1405 940 dum
1420 907 1496 939 illud
1509 906 1683 948 Sapientiae
1700 905 1866 938 undecimo
1881 906 1921 937 ¹⁰:
1940 908 1956 934 α’
1969 905 2125 938 Misereris
2137 905 2290 944 omnium,

1331 960 1478 998 Domine,
1503 960 1557 1001 qui
1583 959 1688 992 omnia
1713 961 1814 1000 potes,
1839 958 2040 991 dissimulans
2075 962 2203 1000 peccata
2234 958 2291 991 ho-

1330 1015 1451 1047 minum
1476 1015 1606 1055 propter
1641 1012 1863 1054 poenitentiam
1881 1025 1897 1040 ι»
1925 1016 2000 1051 etc.;
2032 1021 2184 1045 summae
2206 1012 2292 1045 veri-

1331 1068 1425 1100 tatis:
1448 1067 1617 1109 propitius
1640 1070 1706 1098 esto
1729 1064 1814 1098 milii
1826 1065 2005 1107 peccatori,
2030 1065 2069 1098 ad
2092 1066 2292 1099 manifestan-

1330 1121 1401 1154 dam
1426 1124 1512 1153 tuam
1537 1119 1722 1157 iit-stitiam;
1752 1119 1946 1151 Psalmus11:
1976 1131 1991 1148 α
2009 1119 2041 1151 ln
2068 1119 2198 1152 veritate
2222 1123 2292 1159 tua,

1331 1173 1445 1207 exaudi
1472 1182 1522 1206 me
1552 1173 1584 1205 in
1621 1176 1675 1205 tua
1709 1172 1876 1211 iustitia»,
1901 1172 1931 1204 in
1964 1172 2119 1211 veritate,
2143 1173 2291 1215 inquam,

1331 1236 1425 1269 quam
1451 1226 1638 1268 promisisti;
1665 1226 1833 1259 Ezechielis
1868 1225 2030 1267 trigesimo
2066 1226 2172 1259 tertio:
2202 1239 2217 1255 a
2235 1227 2293 1259 Im·

1331 1281 1429 1322 pietas
1453 1280 1539 1322 impii
1564 1289 1624 1312 non
1649 1279 1774 1312 nocebit
1797 1279 1844 1318 ei,
1870 1279 1902 1312 in
1925 1288 2128 1321 quacumque
2151 1280 2201 1313 die
2217 1289 2291 1313 con-

1332 1343 1443 1366 versus
1477 1333 1573 1366 fuerit
1606 1333 1646 1365 ab
1682 1332 1894 1375 iniquitate»;
1926 1342 2079 1365 summae
2113 1333 2293 1366 caritati-9.-

1329 1386 1498 1429 propitius
1528 1391 1593 1419 esto
1626 1385 1710 1419 milii
1736 1386 1925 1429 peccatori,
1962 1386 2002 1418 ad
2033 1386 2292 1420 manifestandam

1332 1444 1419 1473 tuam
1444 1440 1716 1477 benevolentiam,-
1741 1440 1916 1482 Sapientiae
1933 1440 2100 1472 undecimo
2114 1441 2157 1472 ¹²:
2188 1453 2204 1469 σ
2221 1441 2294 1473 Par-

1332 1493 1377 1526 cis
1396 1496 1500 1526 autem
1525 1493 1688 1532 omnibus,
1708 1493 1857 1535 quoniam
1882 1496 1936 1525 tua
1956 1496 2045 1532 suut,
2071 1494 2214 1533 Domine,
2238 1494 2294 1536 qui

1333 1556 1419 1579 amas
1449 1547 1569 1579 animas
1586 1558 1621 1585 »3
1646 1550 1677 1579 et
1702 1546 1849 1579 Ieremiae
1881 1546 2043 1588 trigesimo
2074 1547 2192 1589 primo:
2221 1559 2237 1576 α
2261 1547 2293 1579 ln

1333 1600 1462 1632 caritate
1494 1603 1647 1642 perpetua
1677 1600 1772 1632 dilexi
1807 1603 1852 1638 te,
1888 1600 1957 1632 ideo
1991 1600 2109 1632 attraxi
2142 1602 2172 1633 te
2203 1600 2296 1633 mise-

1334 1662 1408 1685 rans
1440 1653 1484 1685 tui
1510 1667 1525 1681 »
1555 1657 1633 1691 etc.;
1665 1662 1817 1685 summae
1845 1652 1999 1694 pietatis:
2029 1653 2198 1695 propitius
2228 1658 2294 1685 esto

1334 1705 1418 1738 milti
1438 1706 1624 1748 peccatori,
1649 1705 1688 1737 ad
1712 1705 1970 1738 manifestandam
1994 1709 2081 1738 tuam
2106 1706 2296 1738 misericor-

1335 1758 1447 1796 diam,
1469 1767 1526 1800 pro
1548 1768 1612 1800 quo
1628 1759 1738 1790 orabat
1755 1758 1910 1799 Propheta
1926 1758 1957 1790 in
1975 1758 2095 1791 Psalmo
2109 1758 2152 1790 ¹³:
2174 1771 2190 1786 α
2207 1758 2296 1791 Mise-

1336 1820 1407 1843 rere
1439 1811 1517 1850 mei,
1542 1811 1641 1849 Deus,
1666 1811 1839 1843 secundum
1871 1820 2016 1853 magnam
2048 1811 2296 1844 misericordiam

1336 1867 1421 1896 tuam
1440 1875 1475 1902 »;
1503 1867 1533 1896 et
1557 1864 1762 1896 Ecclesiastici
1787 1864 1947 1906 trigesimo
1975 1867 2087 1897 sexto:
2119 1877 2134 1893 «
2150 1864 2297 1897 Miserere

1336 1917 1451 1956 nostri,
1477 1918 1560 1950 Deus
1578 1917 1735 1956 omnium,
1759 1921 1790 1950 et
1814 1917 1935 1959 respice
1959 1927 2016 1950 nos
2036 1920 2067 1950 et
2090 1917 2219 1951 ostende
2241 1927 2298 1950 no—

1335 1970 1383 2003 bis
1401 1984 1416 2000 n
1445 1973 1503 2003 etc.

1425 2024 1477 2056 24.
1504 2024 1605 2063 (Vers.
1634 2024 1708 2065 14).
1734 2024 1838 2056 Amen
1862 2024 1935 2057 dico
1959 2024 2099 2057 vobi-9¹⁴.
2126 2025 2293 2067 Postquam
2312 2021 2331 2048 Q

1335 2077 1501 2120 descripsit
1532 2077 1725 2111 conditiones
1757 2086 1964 2120 personarum
1997 2081 2028 2111 et
2063 2087 2213 2120 precum,
2245 2078 2298 2111 hic

1336 2131 1397 2163 iam
1414 2130 1508 2164 tertio
1531 2131 1681 2164 describit
1696 2131 1897 2164 condiciones
1913 2131 2169 2164 exauditionum
2182 2132 2218 2164 ¹⁵.
2236 2132 2296 2165 De-

1335 2184 1486 2217 scribitur
1509 2187 1616 2217 autem
1646 2184 1697 2217 hic
1729 2185 1941 2218 exauditionis
1973 2185 2109 2217 conditio
2140 2188 2295 2227 quantum

2309 693 2435 718 Notandum.

2333 2019 2390 2041 uoad
2406 2025 2456 2041 con—

2337 2047 2430 2068 ditiones

2327 2073 2441 2095 exauditio-

2310 2106 2361 2121 num
2376 2101 2464 2126 tangun—

2336 2129 2370 2148 tur
2383 2125 2433 2147 duo.

1333 2237 1373 2270 ad
1396 2237 1562 2270 iudicium
1575 2237 1751 2280 personale
1766 2241 1797 2271 et
1820 2242 1976 2280 quantum
1999 2238 2038 2271 ad
2054 2238 2197 2271 edictum
2222 2238 2297 2271 uni-
2340 2250 2343 2252 ’

1333 2290 1468 2323 ver-sale.

1423 2344 1525 2377 Primo
1550 2344 1645 2386 igitur
1673 2348 1828 2386 quantum
1856 2344 1895 2377 ad
1927 2344 2092 2377 iudicium
2121 2344 2297 2387 personale

1333 2398 1424 2430 dicit:
1450 2398 1555 2430 Amen
1580 2397 1651 2430 dico
1675 2397 1784 2430 vobis:
1812 2397 1981 2430 Descendit
2008 2396 2061 2430 liic
2087 2397 2291 2439 iustificatus

1332 2451 1368 2483 in
1385 2451 1520 2483 domum
1544 2460 1643 2483 suam
1660 2450 1702 2483 ab
1720 2450 1790 2489 illo,
1809 2450 1840 2483 id
1856 2454 1903 2483 est
1925 2464 1941 2480 «
1957 2451 2029 2493 plus
2046 2460 2141 2493 quam
2158 2451 2209 2484 ille
2223 2451 2248 2471 1⁶
2263 2464 2278 2480 ι»
2292 2435 2301 2450 ’

1339 2603 1376 2628 De
1396 2602 1490 2632 modo,
1509 2609 1562 2634 quo
1581 2608 1629 2633 por
1657 2602 1722 2626 haec
1747 2601 1914 2626 remittuntur
1944 2601 2071 2632 venialia,
2090 2603 2136 2627 cfr.
2166 2601 2209 2627 lV.
2228 2601 2301 2628 Sent.

1339 2646 1366 2671 d.
1385 2647 1428 2671 21.
1448 2653 1474 2677 p.
1494 2647 1511 2671 Ι.
1531 2653 1554 2670 a.
1575 2645 1598 2670 1.
1619 2652 1644 2677 q.
1666 2646 1691 2670 2.
1711 2645 1736 2670 in
1756 2634 1830 2676 corp.

1410 2687 1421 2702 ⁰
1441 2689 1514 2715 Vers.
1534 2689 1577 2714 21.
1598 2702 1633 2707 -
1652 2688 1769 2714 Subinde
1788 2689 1914 2720 allegatur
1933 2689 2008 2714 Eccll.
2028 2689 2077 2721 51,
2105 2689 2154 2721 15,
2180 2689 2222 2714 cui
2239 2689 2300 2715 Vnt.

1340 2732 1477 2764 subiungit
1494 2740 1522 2757 v.
1541 2733 1582 2757 16.
1603 2735 1628 2758 et
1649 2732 1690 2757 17.
1858 2750 1859 2753 ¹

1412 2775 1422 2790 ⁷
1443 2777 1534 2802 Psalm.
1554 2777 1603 2809 99,
1622 2777 1646 2801 3.
1666 2780 1692 2802 et
1710 2776 1807 2802 deinde
1827 2777 1875 2808 94,
1895 2778 1920 2803 3.

1413 2820 1423 2835 Β
1444 2821 1517 2847 Vers.
1540 2822 1586 2853 19,
1607 2824 1666 2853 post
1684 2828 1764 2854 quem
1784 2822 1859 2847 Rom.
1879 2823 1904 2854 3,
1925 2822 1950 2848 4.

1414 2864 1425 2879 ⁹
1444 2866 1519 2891 Vers.
1540 2866 1581 2891 16.
1601 2879 1636 2885 -
1656 2866 1779 2899 Sequitur
1798 2867 1824 2892 ll.
1844 2866 1904 2893 Cor.
1928 2868 1951 2899 1,
1971 2868 1997 2893 3.

1414 2908 1436 2924 ¹⁰
1454 2910 1529 2936 Vers.
1549 2910 1590 2936 24.
1610 2910 1659 2937 Ctr.
1680 2912 1705 2937 S.
1726 2911 1824 2937 Bonav.
1838 2912 1865 2937 in
1885 2913 1955 2938 hunc
1974 2913 2023 2938 loc.

1415 2953 1434 2968 ¹¹
1456 2955 1550 2980 Psalm.
1570 2955 1635 2986 142,
1656 2956 1680 2980 1.
1699 2959 1724 2981 et
1743 2956 1838 2982 deinde
1857 2957 1949 2982 Ezech.
1968 2957 2016 2988 33,
2038 2957 2079 2982 12.

1415 2998 1436 3013 ¹²
1457 2999 1531 3025 Vers.
1554 2999 1595 3025 27.
1610 3000 1647 3032 (in
1661 3007 1714 3033 quo
1730 3007 1778 3032 pro
1792 3000 1904 3027 Domine
1923 3001 1943 3027 Α
1953 3001 1971 3027 F
1982 3002 2003 3027 G
2016 3001 2130 3034 omnia),
2150 3003 2300 3034 postquem

1344 3044 1390 3069 ler.
1410 3044 1452 3075 31,
1472 3044 1497 3069 3.

1415 3087 1437 3102 ¹⁸
1458 3088 1549 3114 Psnlin.
1569 3089 1617 3121 50,
1637 3089 1661 3114 3.
1681 3093 1706 3114 et
1725 3090 1800 3115 Eccli.
1822 3090 1868 3121 36,
1893 3091 1912 3116 l.

1416 3131 1436 3146 ¹⁴
1456 3131 1507 3158 Csr.
1527 3139 1607 3164 supra
1632 3139 1692 3165 pag.
1715 3133 1780 3166 452,
1800 3138 1860 3162 nota
1881 3134 1924 3160 10.

1416 3175 1437 3190 ¹⁶
1458 3176 1525 3202 Vide
1543 3184 1623 3209 supra
1643 3184 1667 3203 n.
1689 3178 1731 3203 13.
1751 3192 1784 3197 —
1804 3179 1863 3204 Vut.
1886 3178 2002 3205 conditio
2018 3172 2214 3211 exauditionis,
2233 3184 2302 3211 quae

1344 3221 1421 3247 etiarn
1441 3221 1554 3247 subinde
1573 3228 1621 3253 pro
1638 3222 1782 3255 per-eonale
1800 3222 1934 3249 substituit
1947 3222 2124 3257 particulare.

1361 3268 1365 3271 ·
1416 3264 1438 3279 ¹⁰
1457 3266 1489 3291 Ut
1501 3265 1564 3291 dicit
1576 3266 1666 3291 Glossu
1680 3265 1873 3293 interlinearis.
1886 3267 1957 3292 Paul.
1976 3266 2120 3298 Diaconus,
2133 3267 2228 3297 Homil.
2242 3265 2301 3292 ⁴⁷1.

1344 3309 1378 3335 de
1398 3309 1530 3341 Tempore
1550 3309 1585 3341 (in
1606 3309 1741 3335 Dominicn
1763 3310 1804 3335 12.
1825 3314 1884 3342 post
1903 3311 1973 3336 pent.
1991 3317 2023 3336 ox
2046 3310 2154 3343 Herlco,
2173 3311 2303 3336 monacho

1345 3352 1594 3385 Autissiodorensi)z
1619 3363 1630 3376 ι
1644 3353 1721 3386 Quod
1739 3361 1803 3379 vero
1822 3354 1885 3380 dicit
1902 3353 1937 3380 ab
1956 3353 2003 3380 illo
2022 3354 2160 3387 dupliciter
2182 3356 2304 3380 auctores

1345 3396 1491 3429 exponunt:
1505 3397 1546 3422 vel
1559 3396 1593 3423 ab
1606 3396 1665 3429 illo,
1679 3397 1777 3424 scilicet
1790 3398 1901 3431 templo,
1914 3398 1956 3424 vel
1969 3396 2003 3425 ab
2016 3397 2077 3431 illo,
2090 3397 2302 3425 subaudiendum

2325 2337 2429 2360 iudicium

2318 2364 2438 2394 personale.
