2476 3921
73 522 143 545 Ratio.

3 849 5 927 J
66 894 142 917 Aliter.

64 1001 141 1024 Aliter.

1 1378 3 1391 ¹
14 1374 72 1400 item,
87 1374 143 1401 vigo·

47 1406 101 1423 1088·

735 214 930 248 COMMENT.
955 215 992 248 IN
1017 214 1255 249 EVANGELIUM
1278 216 1396 249 LUCAE
1419 217 1451 250 C.
1476 218 1563 251 xxu.
2083 221 2147 253 557

168 303 264 336 «Non
297 302 369 336 veni
401 302 505 336 facere
536 303 731 336 voluntatem
754 311 871 342 meam,
895 303 950 336 sed
981 303 1125 336 volunta-

164 359 228 390 tem
252 356 320 389 eius
344 356 399 399 qui
423 356 509 389 misit
532 365 583 389 me
597 369 628 388 ι).
652 357 787 398 Apparet
810 355 922 398 igitur,
946 356 1032 398 quod
1054 365 1126 389 ora-

164 409 279 443 tionem
312 409 393 442 ratio
425 412 576 452 tanquam
592 436 594 439 .
608 409 765 442 discretus
787 411 818 442 et
842 409 963 451 peritus
994 408 1127 442 advoca-

163 465 216 496 tus
239 462 405 505 proposuit
428 471 487 504 pro
510 461 730 501 sensualitate,
755 464 879 495 servata
904 465 1008 495 tamen
1025 462 1126 495 forma

162 515 257 549 divini
290 515 380 549 iuris.
412 515 474 548 Hoc
497 518 603 548 autem
627 515 779 548 Dominus
802 514 922 554 oravit,
954 518 990 548 ut
1021 518 1126 548 osten-

161 569 251 603 deret
282 568 314 601 in
346 577 380 602 se
410 568 576 601 veritatem
607 567 832 607 humanitatis,
866 571 903 600 ut
936 568 1124 601 condescen-

161 623 251 656 deret
273 625 305 656 et
327 622 461 655 formam
484 621 574 655 daret
596 621 748 654 membris
771 621 915 654 infirmis.
941 621 1027 654 Unde
1051 621 1126 655 Ber—

162 675 330 709 nardus1:
359 688 376 704 <1
392 676 531 717 Agnosco
563 683 671 708 vocem
695 677 897 717 aegrotorum
922 674 954 707 in
985 674 1124 714 medico,

162 728 326 762 considero
349 728 529 768 caritatem,
562 730 674 770 stupeo
704 727 956 767 miserationem,
987 736 1125 770 expave-

161 791 215 816 sco
237 782 447 824 dignationem
466 795 496 813 ι).
521 782 583 815 Hoc
603 781 687 814 enim
711 781 875 821 mirabile,
898 781 1056 824 quomodo
1080 782 1124 815 sic

161 835 346 878 dignaretur
369 838 494 868 nostras
525 834 557 868 in
589 843 622 868 se
654 835 816 876 suscipere
847 834 1055 868 infirmitates.
1080 854 1125 859 —

162 889 265 922 Potest
295 889 389 922 etiam
421 888 537 931 exponi
552 887 583 928 ²,
613 887 698 930 quod
727 888 872 921 Christus
895 888 1035 921 oraverit
1065 898 1124 931 pro

162 941 332 981 membris,
355 944 393 974 ut
416 944 519 984 petat,
544 941 629 984 quod
654 941 736 974 calix
762 940 990 980 transferatur,
1022 941 1053 974 id
1076 944 1124 974 est

162 993 345 1028 scandalum
370 993 542 1036 passionis,
559 994 609 1027 vel
625 994 720 1027 timor
737 994 856 1027 mortis.
875 1012 917 1018 —
934 994 1000 1027 Alio
1015 994 1122 1034 modo,

162 1048 245 1082 sicut
268 1047 374 1081 Beda³
398 1047 546 1090 exponit,
563 1056 622 1090 pro
638 1047 777 1087 ludaeis,
804 1047 851 1081 vel
867 1050 904 1080 ut
920 1056 976 1090 per
993 1047 1122 1081 Iudaeos

162 1102 287 1136 Christo
310 1102 388 1135 haec
411 1110 498 1134 mors
521 1110 585 1134 non
608 1101 790 1143 infligatur,
822 1110 863 1134 ne
890 1101 933 1134 ita
956 1110 1125 1134 excaecen-

161 1158 233 1196 tur,
268 1155 316 1189 vel
353 1158 390 1189 ut
413 1155 572 1188 excaecati
604 1158 815 1194 revocentur;
848 1157 880 1188 et
911 1155 971 1188 hoc
1006 1158 1053 1188 est
1084 1155 1123 1188 ab

161 1209 207 1242 eis
228 1209 357 1242 calicem
390 1208 565 1242 transferri.
598 1208 686 1241 Tunc
710 1211 757 1241 est
782 1217 914 1241 sensus:
939 1217 962 1240 a
990 1218 1060 1248 me,
1092 1208 1124 1241 id

162 1265 210 1296 est
233 1262 321 1296 meis.

253 1317 305 1349 55.
330 1315 432 1357 (Vers.
457 1314 536 1355 43).
561 1314 677 1356 Quinto
701 1317 856 1356 quantum
888 1314 927 1347 ad
958 1314 1123 1347 orationis

162 1369 310 1412 vigorem
341 1368 468 1401 subdit:
501 1367 674 1410 Apparuit
697 1370 808 1399 autem
832 1367 883 1400 illi
905 1367 1053 1410 Anyelus
1084 1367 1124 1399 de

161 1422 250 1456 caelo
273 1420 467 1464 confortans
490 1430 575 1453 eum.
610 1420 756 1463 Anyetus
788 1420 952 1463 apparuit
982 1420 1022 1453 ad
1053 1429 1124 1453 con-

161 1476 361 1515 fortandum,
385 1484 447 1508 non
472 1477 602 1517 propter
626 1483 716 1507 suam
741 1473 959 1516 indigentiam,
982 1473 1036 1507 sed
1053 1482 1124 1516 pro-

161 1532 232 1571 pter
255 1527 515 1561 confortationem
539 1530 690 1560 nostram.
712 1526 798 1559 Unde
814 1526 965 1559 Glossa4:
989 1540 1004 1555 ιι
1021 1526 1051 1559 Si
1067 1536 1124 1560 no-

161 1582 209 1615 bis
232 1582 332 1615 tristis
355 1584 419 1621 est,
443 1580 476 1613 id
490 1583 552 1620 est,
569 1583 700 1623 propter
724 1589 782 1613 nos
798 1580 898 1613 tristis
914 1583 979 1620 est;
997 1589 1124 1613 necesse

161 1637 227 1674 est,
251 1638 288 1667 ut
311 1634 405 1668 etiam
429 1636 561 1676 propter
585 1642 642 1666 nos
666 1632 862 1666 confortetur
886 1636 917 1666 et
933 1633 1023 1666 nobis
1039 1646 1071 1672 n,
1088 1636 1125 1666 ut

161 1697 204 1722 ex
236 1688 296 1721 hoc
327 1690 494 1730 appareat,
527 1686 612 1730 quod
642 1686 750 1729 Angeli
778 1686 956 1719 confortant
979 1689 1124 1726 orantes,

162 1741 246 1775 sicut
267 1741 385 1774 dicitur
408 1740 545 1773 Danielis
568 1739 710 1773 decimo:
740 1752 756 1769 α
772 1739 886 1782 Tetigit
907 1748 956 1773 me
972 1740 1063 1782 quasi
1078 1739 1125 1773 vi-

164 1795 211 1828 sio
234 1794 371 1828 hominis
394 1798 426 1828 et
450 1793 637 1827 confortavit
660 1797 691 1827 et
713 1793 813 1826 dixit:
838 1793 905 1826 Noli
928 1793 1059 1833 timere,
1075 1793 1125 1826 vir

162 1847 414 1887 desideriorum
446 1847 624 1881 confortare
647 1849 679 1880 et
701 1849 769 1880 esto
793 1847 955 1880 robustus.
981 1847 1125 1889 Cumque

162 1900 349 1943 loqueretur
372 1909 516 1939 mecum,
542 1899 687 1933 convalui
711 1903 743 1933 et
765 1899 850 1932 dixi:
879 1900 1039 1942 Loquere,
1064 1899 1124 1932 Do-

161 1953 247 1987 mine
273 1954 335 1993 mi,
367 1953 442 1996 quia
473 1952 653 1986 confortasti
679 1962 776 1986 me».
802 1953 881 1986 Haec
905 1953 1003 1995 igitur
1026 1953 1125 1995 Ange-

162 2007 267 2040 lorum
291 2006 476 2040 confortatio
507 2006 598 2040 nobis
628 2007 777 2049 impetrat
808 2006 958 2049 vigorem.
983 2026 1028 2030 —
1052 2007 1125 2039 Pro-

162 2063 233 2102 pter
257 2060 342 2102 quod
365 2060 398 2093 in
422 2060 519 2093 huius
542 2060 788 2103 designationem
812 2060 918 2093 addit:
949 2061 990 2093 Ec
1011 2059 1125 2103 factus

162 2112 199 2145 in
222 2113 366 2156 ayonia,
395 2113 567 2156 prolixius
598 2113 742 2152 orabat;
772 2113 988 2156 Gregorius⁶:
1026 2126 1042 2142 α
1058 2113 1123 2145 Fa-

162 2320 286 2346 sualitatis
305 2320 443 2352 proponit,
463 2322 568 2346 servata
588 2323 675 2345 tamen
695 2321 777 2345 forma
797 2319 875 2346 iuris.
900 2320 983 2345 Dictat
996 2319 1065 2345 enim
1079 2319 1122 2346 ius

162 2363 298 2396 divinum,
317 2364 390 2397 quod
409 2364 494 2389 omnis
513 2364 645 2396 appetitus
673 2363 751 2389 debet
780 2370 838 2389 esse
868 2363 921 2389 Deo
950 2362 1123 2389 subiectus».

162 2408 208 2434 llis
226 2408 315 2434 verbis
334 2408 408 2434 lectio
428 2409 505 2434 codd.
526 2408 633 2433 inferius
646 2408 730 2440 posita
744 2408 926 2439 confirmatur,
945 2408 1021 2433 lectio
1035 2410 1122 2433 autem

163 2453 223 2478 Vat.
240 2452 415 2485 reprobatur:
434 2453 553 2486 Apparet
573 2459 652 2485 erqo,
675 2451 747 2486 quod
770 2451 903 2478 rationem
931 2454 1063 2486 tanquam
1088 2451 1123 2477 di-

162 2498 266 2523 scretus
276 2497 301 2522 et
306 2496 412 2530 peritus
422 2496 570 2523 advocatus
580 2496 743 2530 praeposuit
753 2495 935 2528 sensualitati,
950 2497 1059 2522 servata
1071 2499 1121 2522 etc.

235 2540 244 2554 ¹
265 2541 349 2566 Serm.
369 2541 393 2566 1.
412 2541 438 2565 ίιι
459 2542 523 2566 sesto
544 2541 570 2566 S.
588 2541 706 2566 Andreae
730 2541 820 2572 Apost.
848 2548 876 2566 n.
898 2541 922 2565 5.
942 2554 978 2559 —
997 2541 1124 2573 Superius

164 2591 213 2618 pro
232 2584 372 2611 veritatem
391 2584 571 2612 humanitatis
590 2585 649 2611 Vat.
668 2585 809 2612 veritatem
828 2584 989 2612 humilitatis
998 2595 1009 2618 ;
1028 2587 1074 2612 cfr.
1086 2589 1124 2611 ta-

164 2636 226 2655 men
245 2629 282 2654 ΙΙΙ.
302 2629 371 2655 Sent.
392 2628 481 2662 d.,i7.
499 2636 522 2655 a.
543 2630 568 2655 2.
587 2636 613 2662 q.
634 2630 663 2663 3,
683 2629 730 2655 ubi
749 2630 841 2662 triplex
866 2630 932 2655 ratio
962 2637 1009 2662 pro
1035 2631 1084 2655 liac
1109 2637 1123 2656 a

164 2672 266 2699 Christo
285 2674 350 2699 faeta
370 2673 487 2699 oratione
505 2674 663 2700 adducitur:
689 2674 789 2707 Prima,
818 2674 851 2700 ad
880 2674 1124 2709 manifestationem

163 2717 284 2744 veritatis
294 2721 402 2744 naturae
415 2721 561 2752 assumtae,
574 2725 644 2752 quae
656 2719 806 2745 naturaliter
818 2719 948 2745 refutabat
960 2720 1124 2752 passionem;

164 2756 190 2787 ct
208 2762 235 2787 in
255 2763 305 2787 hoc
323 2762 438 2788 erudivit
465 2766 580 2789 nostram
608 2763 696 2798 fidem.
726 2763 846 2789 Secunda
875 2771 953 2795 vero,
973 2764 1006 2790 ad
1027 2764 1125 2798 confir-

164 2805 294 2833 mandam
314 2810 428 2833 nostram
448 2806 668 2840 imbecillitatem,
688 2810 717 2834 ut
735 2815 788 2834 non
802 2808 968 2841 diffidamus,
987 2809 1008 2834 si
1028 2809 1126 2841 passio-

165 2857 228 2876 num
248 2850 362 2883 pericula
381 2851 569 2884 exhorremus;
589 2855 615 2878 et
633 2852 660 2877 in
680 2853 730 2878 hoc
743 2853 823 2878 erexit
836 2856 951 2887 nostram
964 2860 1047 2886 spem.
1062 2853 1126 2878 Ter-

165 2895 215 2926 tia,
233 2898 262 2921 ut
279 2895 443 2927 ostenderet,
462 2895 628 2923 voluntatem
647 2900 764 2922 nostram
783 2897 890 2922 divinae
917 2897 1043 2923 voluntati
1068 2904 1125 2923 esse

165 2946 214 2972 per
232 2940 319 2966 omnia
338 2939 558 2967 subiiciendum...
577 2945 603 2967 et
621 2941 647 2966 in
666 2943 716 2967 hoc
734 2941 867 2967 ordinavit
885 2941 910 2967 in
931 2941 1007 2967 nobis
1025 2941 1125 2968 carita-

165 2985 244 3010 tem...
263 2984 338 3011 Unde
356 2985 442 3017 magis
460 2986 545 3011 oravit
564 2992 613 3018 pro
632 2985 709 3011 nobis
728 2985 753 3011 in
773 2986 814 3011 illa
833 2986 962 3017 oratione,
976 2993 1057 3019 quam
1070 2992 1126 3011 ora-

166 3031 205 3054 ret
223 3036 272 3061 pro
290 3036 328 3055 se.
346 3029 397 3056 Csr.
416 3029 479 3055 ibid.
499 3029 564 3055 dub.
582 3030 607 3056 4.

238 3072 248 3087 ²
267 3073 300 3099 Ut
318 3073 431 3099 insinuat
449 3073 534 3106 Beda,
553 3074 595 3099 Vl.
616 3073 642 3099 in
660 3075 723 3100 Luc.
751 3075 799 3105 22,
828 3074 878 3100 42:
907 3074 1002 3099 Aliter:
1024 3074 1125 3105 Appro-

168 3116 296 3150 pinquans
315 3117 445 3149 passioni,
465 3118 584 3143 Salvator
603 3117 791 3143 infirmantium
812 3118 837 3143 in
856 3125 885 3144 se
903 3125 997 3143 vocem
1016 3117 1124 3149 sumsit,

167 3160 274 3186 dicens:
294 3161 388 3193 Pater,
407 3160 434 3187 si
449 3160 504 3193 vis,
524 3161 644 3195 transfer
663 3160 773 3188 calicem
785 3168 803 3187 a
816 3168 873 3194 me,
886 3168 1032 3194 eorumque
1046 3161 1124 3187 timo-

168 3210 239 3235 rem,
258 3207 287 3230 ut
305 3204 480 3236 abstraheret,
500 3205 624 3236 suscepit.

239 3247 250 3262 ³
269 3249 329 3274 Loc.
349 3248 407 3281 cit.;
427 3249 582 3274 sententiam
610 3249 697 3275 Bedae
722 3250 813 3276 Glossa
839 3249 982 3277 ordinaria
1001 3250 1038 3276 sic
1057 3250 1126 3276 exni-

169 3292 229 3318 bet:
248 3292 311 3318 Orat
328 3299 380 3318 nou
398 3295 451 3318 tam
470 3293 564 3319 timore
583 3293 712 3326 patiendi,
731 3300 812 3327 quam
832 3294 1011 3320 misericordia
1029 3293 1125 3326 prioris

169 3337 271 3369 populi,
290 3344 323 3362 nc
341 3336 375 3362 ab
395 3337 436 3363 illo
455 3336 528 3363 bibat
555 3337 661 3364 calicem
681 3338 867 3370 propinatum,
886 3338 958 3365 unde
977 3341 1002 3365 et
1021 3339 1126 3370 signan-

170 3384 208 3406 ter
227 3381 289 3407 dicit
307 3380 402 3413 istum,
422 3381 448 3408 id
467 3385 506 3408 est
524 3382 615 3414 populi
628 3382 800 3414 ludaeorum,
813 3383 859 3416 qui
872 3390 926 3409 non
940 3382 1126 3409 liabent-excu-

1188 307 1261 336 σίας
1284 305 1390 337 estin
1413 306 1558 348 ayonia,
1589 307 1786 349 significans,
1818 308 1903 350 quod
1937 311 2012 341 tunc
2043 309 2148 341 anima

1188 357 1301 390 merito
1330 361 1488 398 terretur,
1520 360 1647 401 quando
1671 360 1701 393 in
1736 361 1884 403 proximo
1914 362 2034 394 invenit
2065 362 2150 404 quod

1189 410 1220 442 in
1244 414 1409 444 aeternum
1432 415 1556 445 mutare
1579 422 1642 446 non
1666 415 1809 456 possit».
1836 415 1868 447 ln
1893 415 1952 448 hoc
1968 415 2051 448 enim
2069 415 2150 448 mira

1188 467 1236 496 est
1260 473 1366 506 pugna
1388 464 1470 498 inter
1494 468 1641 499 naturam
1665 470 1696 500 et
1719 467 1870 510 gratiam,
1895 468 1977 501 inter
1995 468 2148 501 rationem

1189 519 1221 550 et
1243 518 1498 558 sensualitatem3
1528 529 1623 561 quam
1647 520 1774 562 quidem
1799 521 1941 564 agoniam
1966 521 2149 554 habuerunt

1188 571 1287 604 sancti
1311 572 1480 614 Martyres,
1505 576 1535 606 et
1560 573 1677 606 habent
1700 574 1759 607 viri
1783 574 1876 614 iusti,
1905 575 2078 608 secundum
2112 564 2148 607 il'-

1188 623 1244 656 lud
1267 623 1389 665 primae
1419 624 1457 657 ad
1488 624 1667 659 Corinthios
1695 627 1823 659 nono⁸z
1854 640 1869 655 α
1886 627 2013 666 Omnis,
2037 628 2091 669 qui
2116 628 2148 660 in

1188 685 1287 719 agone
1319 677 1496 717 contendit,
1527 678 1567 711 ab
1598 679 1744 712 omnibus
1776 689 1808 713 se
1839 676 2021 713 abstinet».
2052 694 2067 709 α
2087 681 2148 723 Ego

1188 729 1286 772 igitur
1310 730 1354 763 sic
1378 739 1491 770 curro,
1517 740 1578 764 non
1603 732 1692 774 quasi
1717 732 1748 765 in
1772 733 1947 772 incertum;
1965 734 2009 766 sic
2026 743 2148 776 pugnO,

1188 792 1251 816 non
1282 784 1372 826 quasi
1404 785 1510 818 aerem
1542 785 1760 819 verberans».
1786 787 1909 828 Quanto
1932 777 2039 820 autem
2072 787 2149 820 haec

1187 836 1300 878 agonia
1321 837 1432 869 fortior
1457 840 1521 876 est,
1546 840 1633 870 tanto
1656 838 1769 872 fortius
1790 840 1922 872 orationi
1940 839 2148 873 insistendum

1187 893 1244 922 est.
1269 890 1356 923 Unde
1372 899 1470 932 supra
1485 890 1606 923 decimo
1622 895 1731 925 octavo
1746 892 1773 924 ⁷:
1797 906 1812 921 «
1829 893 1957 926 Dicebat
1973 893 2052 932 illis,
2069 902 2148 935 quo-

1187 943 1272 975 niam
1295 946 1422 985 oportet
1437 953 1537 977 rorare
1561 953 1685 987 semper
1709 948 1740 978 et
1762 955 1824 979 non
1848 946 1982 979 deficere
1999 958 2029 985 ¹²3
2047 950 2078 979 et
2094 955 2148 979 su-

1187 1005 1246 1038 pra
1276 998 1368 1029 sexto
1399 996 1534 1036 dicitur,
1565 997 1650 1039 quod
1680 1011 1695 1026 α
1712 1001 1779 1031 erat
1802 1002 1989 1041 pernoctans
2013 999 2045 1032 in
2077 1009 2148 1032 ora-

1188 1049 1272 1082 tione
1296 1050 1399 1083 Dei».

1278 1103 1330 1135 56.
1356 1103 1457 1144 (Vers.
1489 1104 1567 1145 ἰώ).
1602 1104 1697 1137 Sexto
1728 1108 1882 1147 quantum
1913 1105 1952 1138 ad
1984 1105 2147 1138 orationis

1187 1156 1396 1194 anxietatem,
1412 1157 1560 1190 subditur
1575 1169 1582 1189 :
1610 1158 1649 1190 Et
1663 1156 1777 1200 factus
1793 1162 1838 1190 est
1853 1159 1958 1191 sudor
1974 1159 2045 1191 eius
2061 1159 2149 1191 sicut

1185 1213 1300 1252 puttac
1330 1210 1511 1252 sanquinis
1539 1210 1746 1243 decurrentis
1770 1211 1805 1243 in
1838 1215 1974 1244 terram.
2008 1212 2052 1244 Ex
2085 1222 2148 1255 quo

1187 1265 1337 1305 apparet,
1369 1263 1454 1305 quod
1485 1263 1685 1296 mirabilibus
1716 1264 1861 1306 suspiriis
1893 1268 1924 1298 et
1958 1266 2149 1299 clamoribus

1189 1315 1294 1349 cordis
1316 1319 1348 1349 et
1371 1316 1476 1349 anxiis
1499 1316 1663 1350 desideriis
1679 1317 1833 1350 clamabat
1848 1317 1886 1350 ad
1902 1318 2020 1357 Deum,
2037 1328 2148 1352 secun-

1187 1368 1264 1401 dum
1288 1367 1367 1402 illud
1391 1369 1551 1402 Psalmi8:
1581 1383 1597 1398 α
1614 1370 1762 1409 Domine,
1795 1371 1879 1404 Deus
1908 1372 2017 1404 salutis
2041 1381 2147 1411 meae,

1187 1422 1219 1454 in
1242 1422 1293 1455 die
1316 1422 1446 1455 clamavi
1471 1425 1503 1455 et
1526 1426 1616 1455 nocte
1640 1432 1745 1456 coram
1771 1427 1801 1456 te
1818 1438 1848 1456 2.
1874 1424 1943 1457 Ideo
1960 1428 2065 1457 autem
2082 1434 2149 1458 san-

1187 1475 1259 1517 guis
1282 1475 1474 1508 decurrebat
1496 1476 1529 1508 in
1553 1478 1690 1515 terram,
1715 1476 1754 1509 ad
1785 1477 2031 1517 ostendendum,
2064 1478 2148 1520 quod

1188 1538 1248 1571 pro
1272 1529 1408 1562 Ecclesia
1431 1529 1542 1562 orabat
1565 1532 1597 1562 et
1619 1539 1678 1571 pro
1702 1530 1755 1562 illa
1778 1530 1939 1563 effundere
1963 1532 2148 1573 sanguinem

1187 1591 1282 1616 suum
1306 1582 1469 1624 cupiebat3
1487 1582 1539 1615 lob
1554 1582 1677 1615 decimo
1700 1586 1791 1616 sexto
1805 1583 1835 1615 ⁹:
1858 1596 1874 1612 «ι
1890 1584 2002 1623 Terra,
2020 1593 2059 1617 ne
2077 1594 2147 1627 ope-

1188 1636 1253 1668 rias
1275 1635 1459 1678 sanguinem
1492 1644 1618 1675 meum,
1646 1644 1749 1678 neque
1772 1636 1910 1669 inveniat
1933 1636 1964 1669 in
1990 1639 2020 1669 te
2043 1637 2147 1670 locum

1189 1689 1305 1722 latendi
1329 1689 1447 1722 clamor
1470 1697 1560 1722 meus
1576 1702 1608 1721 ι).
1632 1708 1676 1712 -
1699 1689 1926 1722 Attendendum
1951 1693 1998 1723 est
2020 1694 2146 1730 autem,

1189 1795 1446 1834 circumcisione,
1478 1795 1637 1834 oratione,
1669 1795 1893 1837 flagellatione,
1926 1796 2126 1829 coronatione
2137 1822 2145 1835 ,

1188 1857 1340 1881 manuum
1354 1851 1385 1880 et
1398 1847 1513 1889 pedum
1530 1847 1737 1880 crucifixione
1749 1851 1780 1880 et
1792 1848 1899 1881 lateris
1915 1848 2076 1890 apertione
2086 1874 2093 1887 ‚
2111 1852 2147 1881 ut

1189 1901 1233 1934 sic
1245 1904 1412 1943 appareret
1428 1909 1540 1933 verum
1556 1900 1635 1933 illud
1651 1901 1762 1934 Psalmi
1777 1901 1820 1933 ¹⁰:
1844 1901 1962 1943 «Apud
1978 1901 2146 1934 Dominum

1188 1953 1414 1992 misericordia,
1439 1956 1470 1985 et
1493 1953 1618 1995 copiosa
1633 1953 1717 1995 apud
1733 1962 1806 1986 eum
1823 1953 1995 1995 redemptio
2012 1967 2042 1985 n.
2060 1954 2146 1987 Unde

1188 2006 1385 2040 verificatum
1403 2008 1450 2038 est
1466 2005 1542 2038 illud
1560 2006 1654 2039 Isaiae
1671 2006 1866 2048 sexagesimo
1883 2002 1991 2039 terti'o:
2014 2019 2029 2035 «
2043 2007 2147 2048 Quare

1188 2068 1264 2101 ergo
1287 2059 1423 2092 rubrum
1446 2062 1493 2092 est
1520 2058 1740 2092 indumentum
1773 2062 1882 2098 tuum,
1907 2062 1938 2091 et
1961 2059 2147 2093 vestimenta

1189 2115 1244 2145 tua
1267 2112 1349 2144 sicut
1371 2111 1558 2144 calcantium
1588 2111 1620 2144 in
1652 2111 1802 2144 torculari
1818 2114 1858 2144 »ἲ
1889 2111 1970 2144 Vere
2001 2111 2147 2145 rubrum

1187 2319 1313 2345 sationem
1333 2318 1496 2350 ignorantiae
1515 2318 1539 2343 in
1559 2324 1646 2343 meam
1665 2322 1792 2350 mortem,
1817 2318 1878 2351 quia
1907 2318 2024 2351 quotidie
2048 2325 2148 2344 annun-

1187 2364 1238 2389 tior
1256 2364 1305 2389 illis
1326 2364 1350 2389 in
1370 2364 1440 2395 Lege
1460 2366 1485 2388 et
1503 2363 1647 2395 Prophetis.
1667 2362 1692 2387 Si
1712 2369 1776 2395 ergo
1796 2363 1852 2388 fleri
1870 2366 1969 2395 potest,
1989 2366 2017 2388 ut
2038 2363 2093 2388 sine
2113 2364 2148 2389 in-

1188 2409 1265 2434 teritu
1284 2408 1441 2434 ludaeorum
1461 2407 1551 2433 credat
1569 2407 1709 2433 multitudo
1729 2408 1863 2439 gentium,
1876 2415 1969 2433 recuso
1983 2408 2146 2440 passionem;

1187 2453 1209 2478 si
1228 2460 1292 2478 vero
1311 2453 1343 2478 illi
1363 2452 1518 2478 excaecandi
1538 2455 1612 2483 sunt,
1626 2455 1654 2477 ut
1667 2452 1708 2477 alii
1722 2452 1843 2483 videant,
1863 2459 1920 2478 non
1939 2459 2013 2484 mea,
2035 2451 2081 2478 sed
2099 2454 2145 2478 tua

1186 2497 1235 2531 fiat
1254 2497 1388 2524 voluntas.
1407 2511 1443 2516 —
1463 2497 1569 2522 luserius
1589 2499 1648 2529 post
1670 2496 1813 2530 iustiqatur
1842 2497 1900 2522 Vat.
1929 2497 2008 2528 legit:
2037 2503 2084 2523 nec
2109 2496 2145 2522 ita

1186 2543 1380 2573 excaecentur,
1399 2541 1441 2568 vel
1460 2543 1490 2568 ut
1507 2548 1542 2567 ea:
1562 2541 1686 2568 caecitate
1705 2542 1882 2573 recocentur;
1902 2543 1927 2567 et
1945 2541 1993 2568 hoc
2012 2543 2051 2567 est
2064 2540 2097 2567 ab
2110 2541 2147 2567 eis

1188 2586 1299 2613 calicem
1318 2586 1469 2620 transferre
1488 2588 1537 2612 etc.

1259 2629 1270 2644 ⁴
1290 2630 1393 2656 Scilicet
1415 2629 1596 2656 interlinearis
1627 2630 1667 2663 (ex
1695 2629 1785 2661 Beda).
1804 2644 1839 2649 -
1859 2630 1981 2662 Sequitur
2011 2629 2075 2655 Dan.
2105 2630 2147 2660 ¹0,

1193 2675 1231 2700 18.
1251 2682 1306 2708 seq.
1326 2674 1378 2701 Cfr.
1397 2674 1539 2706 Bernard.,
1569 2675 1652 2700 Serm.
1679 2675 1700 2699 l.
1720 2674 1744 2699 in
1765 2675 1828 2699 festo
1858 2674 1883 2699 S.
1911 2673 2031 2699 Andreae
2057 2674 2146 2705 Apost.

1189 2727 1215 2745 n.
1235 2720 1259 2745 6.
1279 2727 1334 2752 seq.

1260 2763 1271 2778 ⁵
1290 2764 1360 2790 Libr.
1374 2764 1469 2789 xxw.
1482 2764 1570 2789 Moral.
1585 2770 1607 2789 c.
1624 2763 1632 2788 l
1644 2764 1664 2788 l.
1678 2770 1704 2788 n.
1717 2763 1758 2788 32.
1773 2762 1798 2787 in
1813 2762 1872 2787 fine.
1886 2762 1935 2787 Pro
1948 2761 2042 2787 merito
2063 2761 2081 2787 C
2093 2761 2113 2786 D
2126 2762 2147 2787 G

1189 2811 1282 2840 mente,
1307 2811 1332 2834 et
1351 2815 1400 2840 pro
1420 2807 1446 2834 in
1466 2807 1593 2842 proximo
1623 2807 1680 2832 Yat.
1710 2813 1770 2832 cum
1791 2809 1858 2832 textu
1878 2806 1997 2837 originali
2013 2807 2076 2838 post
2097 2812 2147 2838 pu-

1189 2852 1290 2880 sillum.
1874 2848 1884 2863 ⁰
1904 2850 1977 2875 Vers.
1998 2850 2040 2874 25.
2060 2852 2085 2874 et
2104 2850 2148 2874 26.

1260 2895 1270 2910 '¹
1290 2897 1365 2922 Vers.
1389 2897 1409 2926 l,
1429 2899 1487 2927 post
1506 2902 1586 2928 quem
1606 2895 1637 2925 6,
1658 2895 1700 2920 ⁴2.

1260 2939 1271 2954 Β
1290 2941 1384 2966 Psalm.
1404 2939 1452 2970 87,
1473 2940 1499 2964 2.

1260 2983 1271 2998 ⁹
1291 2985 1364 3009 Vers.
1386 2984 1432 3015 19,
1451 2990 1531 3015 quem
1560 2983 1684 3014 Gregor.,
1704 2981 1767 3007 Xill.
1786 2981 1873 3006 Moral.
1892 2987 1914 3005 c.
1935 2980 1978 3005 23.
1997 2987 2023 3005 n.
2045 2981 2093 3011 26,
2111 2980 2147 3006 ita

1188 3028 1316 3060 explicat:
1336 3028 1408 3060 Quae
1427 3027 1523 3053 scilicet
1537 3030 1604 3052 terra
1618 3025 1801 3057 Redemptoris
1821 3025 1900 3050 nostri
1919 3025 2075 3056 sanguinem
2095 3032 2147 3051 non

1188 3072 1339 3102 abscondit,
1359 3072 1420 3104 quia
1440 3071 1623 3103 unusquisque
1642 3072 1763 3101 peccator
1789 3069 1977 3101 redemptionis
2003 3075 2066 3094 suae
2091 3076 2148 3101 pre-

1188 3117 1254 3142 tium
1273 3123 1394 3147 sumens,
1414 3115 1550 3140 confltetur
1570 3121 1600 3140 ac
1620 3114 1708 3139 laudat
1726 3116 1751 3139 et
1770 3112 1866 3145 quibus
1885 3113 1954 3138 valet
1973 3113 2099 3145 proximis
2113 3114 2149 3139 in·

1188 3161 1305 3186 notescit.
1326 3160 1407 3185 Terra
1427 3159 1504 3184 etiam
1524 3158 1678 3189 sanguinem
1698 3158 1754 3183 eius
1771 3164 1822 3183 non
1840 3157 1956 3189 operuit,
1977 3158 2038 3190 quia
2058 3162 2146 3183 sancta

1188 3204 1301 3231 Ecclesia
1320 3203 1508 3235 redemptionis
1526 3209 1590 3228 suae
1609 3202 1763 3234 mysterium
1792 3201 1816 3226 in
1845 3202 1944 3227 cunctis
1975 3201 2027 3227 iam
2056 3202 2147 3228 mundi

1188 3247 1308 3280 partibus
1326 3246 1498 3279 praedicavit.

1260 3291 1283 3307 ¹⁰
1302 3292 1395 3318 Psalm.
1416 3291 1481 3322 129,
1499 3290 1531 3323 7,
1551 3290 1592 3316 cui
1612 3289 1774 3316 subnectitur
1793 3289 1849 3316 lsai.
1870 3290 1919 3320 63,
1939 3290 1963 3315 2.
1983 3290 2021 3315 De
2046 3293 2148 3322 septem

1188 3336 1359 3364 effusionibus
1378 3335 1512 3368 sanguinis
1531 3336 1577 3361 cfr.
1596 3334 1652 3360 Lib.
1671 3334 1737 3360 Vitis
1757 3334 1866 3366 mystica
1887 3334 1964 3367 (inter
1990 3341 2072 3366 opera
2090 3335 2150 3361 Ber-

1189 3381 1275 3415 nardi)
1296 3389 1319 3408 c.
1338 3381 1425 3407 364¹.

2170 422 2300 444 Notandum.

2167 1114 2225 1139 Item,
2241 1114 2313 1135 anxia.

2192 1697 2276 1727 Septies

1189 1742 1275 1784 quod
1298 1742 1451 1775 Dominus
1481 1741 1563 1774 fudit
1586 1742 1769 1784 sanguinem
1793 1751 1888 1775 suum
1912 1751 1970 1784 pro
1993 1743 2083 1776 nobis
2114 1723 2313 1777 1ηὲὶὲἷεῖἶῖἕῖ-

2205 1783 2262 1798 nem.
