2427 3872
456 213 487 239 IN
490 213 497 238 I

832 169 869 202 IN
892 168 1185 202 COMMENTARIOS
1208 170 1237 202 S.
1263 170 1489 205 SCRIPTURAE

210 257 299 283 Immct
317 271 354 277 -
371 259 433 283 sunt
445 257 572 289 diligendi
588 257 630 283 Vll
644 257 696 283 548
717 257 751 282 30
767 270 801 275 —-
840 244 911 281 mam
940 255 1019 282 habet
1047 256 1225 283 defensionem
1253 257 1317 284 ibid.
1342 273 1377 278 —-
1405 259 1481 292 Inops

158 301 284 334 diligendi
303 303 329 327 et
347 299 476 327 tolerandi
499 303 561 327 sunt
580 304 689 334 propter
716 301 801 327 Deum

157 346 192 372 VI
212 345 263 372 446
284 346 294 371 1
318 359 354 365 -
372 346 530 372 Benel'acere
550 346 662 372 inimicis
675 348 714 372 est
728 352 802 371 man-

157 390 248 417 datum
268 397 369 416 novum
389 390 479 424 quoad
508 390 618 416 modum
641 390 692 416 435
712 390 746 415 54
765 404 801 408 —

156 434 269 461 Inimicis
287 434 418 461 debemus
430 442 489 461 esse
501 434 623 461 benevoli
643 435 685 460 VII
699 435 751 460 302
764 434 798 460 78

156 493 192 498 -
210 482 284 505 erant
302 479 380 505 amici
403 478 506 512 Christi,
525 479 571 512 qui
599 485 646 505 eos
673 478 799 511 diligebat

157 524 190 550 VI
211 524 262 550 452
282 523 316 550 27

209 582 243 587 —-
261 568 385 594 Inimicus
405 568 450 593 Dei
474 571 514 594 est
541 568 588 601 qui
616 570 707 593 contra
735 574 797 593 eum

155 612 232 645 erigit
260 612 392 638 cervicem
416 619 490 638 suam
520 618 568 644 per
596 610 748 644 superbiam
772 615 798 637 et

154 664 206 683 non
225 657 290 689 vult,
308 663 370 682 eum
389 663 501 689 regnare
520 663 601 688 super
619 663 648 682 se
667 662 716 688 per
746 656 797 681 ino-

154 700 314 727 bedientiam
335 701 376 727 Vll
397 700 447 726 476
468 700 496 726 41
515 714 549 719 -—-
563 700 609 726 Dei
629 700 797 726 interficietur

154 752 203 778 per
222 745 340 777 gladium
359 745 467 771 divinae
484 745 627 771 sententiae
646 747 672 770 et
694 744 797 770 deiicie-

153 793 196 816 tur
215 790 240 816 in
260 792 371 816 mortem
395 789 572 815 damnationis
590 792 713 815 aeternae
732 788 794 815 ibid.

207 849 242 853 —
260 835 353 866 Magna
372 834 498 866 sapientia
511 836 550 860 est
563 834 591 859 in
604 833 735 859 vincendo
748 833 796 859 ini-

152 879 252 905 micum
272 879 437 911 inferiorem,
457 878 541 904 maior
561 878 585 904 iu
605 878 734 904 vincendo
756 885 796 903 ae-

152 922 349 956 quipollentem,
378 922 491 949 maxima
523 922 548 947 in
576 921 707 948 vincendo
744 923 795 948 sor-

153 966 285 993 tissimum
306 967 337 992 Vl
356 967 391 992 67
410 974 437 993 v.
457 967 490 992 13

206 1024 242 1030 -
261 1010 397 1037 inimicitia
416 1013 538 1043 respectu
563 1010 625 1036 boni
644 1010 713 1043 parit
732 1011 795 1036 ami-

152 1055 240 1082 citiam
259 1055 326 1081 inter
345 1056 428 1081 malos
448 1056 490 1081 VII
510 1055 561 1080 569
582 1055 615 1080 15
685 1050 687 1052 ’

206 1100 330 1130 ΙΝιρυιτΑε
348 1114 382 1118 -
396 1100 480 1126 deleta
494 1102 534 1125 est
547 1099 573 1124 in
585 1099 709 1131 passione
721 1099 795 1126 Chri-

152 1145 185 1171 sti
206 1145 247 1170 VII
272 1144 324 1170 545
353 1143 386 1170 24
405 1159 441 1162 —
470 1144 576 1169 vanitas
600 1143 744 1177 iniquitatis
762 1151 794 1170 ex

152 1188 325 1216 mutabilitate
342 1189 425 1215 oritur
444 1189 477 1214 Vi
498 1188 526 1214 11
550 1196 578 1214 v.
599 1189 614 1214 2

205 1247 241 1253 -—
259 1234 341 1260 Malus
368 1234 394 1259 in
421 1234 508 1259 futuro
533 1233 657 1265 punietur
685 1236 794 1266 propter

150 1278 381 1311 supervenientem
405 1277 567 1311 iniquitatem
596 1278 629 1303 Vl
657 1278 707 1304 113
732 1285 757 1304 v.
777 1279 794 1304 5

151 1336 187 1342 —
205 1323 350 1356 Iniquitatis
367 1325 470 1348 actores
488 1322 530 1348 vel
559 1322 702 1348 imitatores
721 1329 794 1355 aspe-

150 1367 255 1393 ritatem
274 1374 376 1400 poenae
396 1366 493 1393 habent
518 1367 543 1392 in
567 1367 619 1392 flne
640 1367 685 1392 131
711 1374 738 1393 v.
761 1368 793 1393 19

151 1425 187 1431 -
205 1411 289 1445 Iniqui
309 1412 375 1438 iuste
389 1411 533 1444 puniuntur
546 1417 560 1436 a
574 1410 628 1437 Deo
649 1411 700 1436 187
720 1419 745 1437 v.
761 1413 793 1438 13

152 1470 187 1475 -
205 1456 345 1482 Praeterita
365 1456 390 1481 in
410 1455 507 1482 iudicio
532 1458 678 1487 arguentur
698 1455 732 1482 de
750 1463 794 1482 va-

151 1500 231 1527 nitate
249 1501 393 1534 iniquitatis
411 1501 440 1526 91
466 1508 492 1526 ν.
511 1500 527 1525 8
546 1514 581 1519 -—
595 1501 630 1526 Ex
649 1503 792 1533 conspectu

151 1545 297 1578 praesentis
306 1545 450 1578 iniquitatis
462 1544 668 1577 exspectandum
679 1548 718 1571 est
731 1548 793 1571 tem-

151 1596 202 1625 pus
221 1589 300 1615 futuri
319 1589 409 1615 iudicii
428 1588 463 1614 35
482 1596 507 1614 v.
529 1588 572 1614 17.

203 1634 366 1667 —Iniquus
393 1641 442 1666 pro
470 1633 560 1666 parvis
588 1633 700 1660 maxima
733 1641 792 1660 con-

151 1678 243 1705 temnit
261 1679 304 1705 Vil
325 1678 376 1704 409
391 1679 424 1704 18
438 1693 472 1697 -
486 1678 594 1712 Iniquus
607 1679 699 1705 vendit
711 1679 791 1705 iidem

149 1725 176 1749 et
194 1723 318 1749 iustitiam
338 1730 386 1755 pro
405 1730 443 1754 re,
461 1730 530 1756 quae
549 1723 614 1748 nihii
633 1724 703 1749 valet
720 1722 783 1750 ibid.

204 1767 297 1793 ΙΝιυιιιΑ
316 1781 352 1786 -
370 1767 478 1799 propria
498 1767 688 1793 dissimulanda
707 1770 747 1793 est
760 1768 792 1794 Vl

149 1811 184 1837 60
204 1819 231 1838 v.
249 1812 283 1837 22
303 1826 337 1831 -
356 1812 470 1838 maxima
488 1811 535 1838 Dei
559 1815 612 1842 est,
630 1818 691 1838 cum
711 1812 793 1838 deho-

149 1858 279 1887 nestatur,
297 1855 343 1882 ubi
363 1856 443 1883 debet
462 1856 587 1882 honorari
604 1856 648 1882 VII
670 1855 720 1882 498
740 1856 774 1882 70

203 1901 334 1927 Imusrrm
359 1914 396 1920 —
423 1900 548 1926 Tenendo
576 1903 602 1926 et
625 1900 792 1927 defendendo

150 1944 301 1971 iniustitiam
321 1946 402 1971 homo
421 1945 449 1971 nt
467 1945 564 1977 dignus
583 1948 668 1971 morte
688 1945 720 1971 Vl
741 1945 802 1977 its„

150 1996 178 2015 v.
199 1990 232 2015 16
250 2004 286 2008 -
305 1989 439 2015 Sententia
459 1988 552 2015 iudicis
571 1988 667 2016 iniusta
695 1989 792 2016 dicitur

149 2036 195 2060 aut
213 2041 243 2060 ex
263 2040 351 2065 causa,
370 2036 415 2060 aut
433 2040 464 2059 ex
483 2033 584 2065 ordine,
597 2036 642 2060 aut
654 2040 685 2059 ex
703 2034 792 2060 animo

150 2078 202 2104 145
221 2085 247 2104 v.
267 2077 283 2103 5

161 2143 164 2147 .
204 2123 351 2148 ΙΝΝοοΕΝτιΑ
371 2136 406 2142 -
424 2122 586 2154 significatur
605 2129 652 2154 per
664 2129 744 2148 ovem
758 2123 791 2148 Vi

150 2166 202 2193 583
223 2167 255 2192 12
274 2180 310 2186 -
329 2167 377 2192 Ρει·
396 2166 463 2192 1111οε
475 2166 655 2198 intelliguntur
668 2166 792 2193 innocen-

150 2214 189 2237 tes
208 2211 259 2237 539
280 2212 295 2237 8

203 2270 239 2274 -
257 2255 351 2289 Christi
371 2256 457 2282 diss'ert
475 2255 509 2282 ab
527 2256 583 2282 aliis
596 2256 630 2282 vt
643 2256 694 2282 263
710 2256 742 2281 82
755 2269 792 2275 -

150 2301 220 2327 Deus
238 2308 331 2327 omnes
349 2308 392 2327 res
411 2301 437 2326 in
455 2300 584 2333 spirituali
597 2301 705 2326 sanitate
718 2307 791 2326 erea-

149 2345 188 2371 vit
207 2352 254 2377 per
272 2345 448 2371 innocentiam
469 2344 519 2370 117
533 2352 560 2371 ν.
580 2344 613 2370 14
628 2345 702 2370 —In
721 2346 789 2370 statu

150 2390 313 2416 innocentiae
332 2390 401 2415 nulla
420 2392 540 2415 creatura
559 2388 671 2415 nocebat
690 2388 789 2415 homini

150 2435 201 2460 229
222 2442 249 2460 v.
269 2435 284 2459 6

203 2493 236 2498 —
258 2479 410 2505 innocentes
429 2478 511 2510 patris
535 2478 677 2510 imaginem
706 2479 790 2503 custo-

149 2523 225 2549 diunt
243 2523 407 2555 impollutam
429 2523 461 2548 Vl
481 2523 532 2548 539
553 2523 567 2548 8
589 2537 623 2541 -
637 2523 794 2548 Innocentes

147 2567 296 2600 relinquere
315 2567 412 2593 debent
430 2567 622 2599 possessionem
637 2570 662 2592 et
681 2566 790 2592 munda-

149 2618 209 2637 nam
229 2611 400 2637 ambitionem
420 2612 471 2636 619
499 2618 524 2636 v.
545 2612 560 2636 2
580 2624 614 2630 -
634 2609 728 2636 Lumbi
747 2609 790 2635 de·

148 2655 212 2682 bent
230 2656 365 2688 praecingi
385 2663 431 2688 per
451 2655 625 2681 innocentiam
641 2655 686 2680 131
709 2661 737 2679 ν.
756 2654 765 2678 1

203 2714 238 2720 -
257 2701 423 2726 innocentem
443 2707 496 2726 non
522 2703 560 2726 est
588 2706 703 2733 aequum
723 2697 789 2724 oeci-

147 2744 212 2770 dere
230 2745 287 2770 sine
305 2752 384 2770 causa
413 2745 446 2771 Vl
474 2744 520 2770 491
545 2745 561 2770 7
582 2758 615 2762 -
638 2744 789 2770 innocentes

149 2790 281 2821 lacrymae
300 2789 446 2815 funduntur
464 2796 513 2821 pro
531 2789 634 2814 iniustis
652 2787 788 2814 calumniis

149 2833 183 2859 37
204 2841 229 2859 v.
250 2833 259 2858 1
762 2829 765 2831 ’

202 2891 237 2895 -
256 2877 325 2902 Deus
345 2877 522 2903 testimonium
535 2876 656 2909 perhibet
668 2877 788 2902 innocen-

149 2921 230 2953 tibus,
249 2921 296 2954 qui
321 2921 409 2947 adhuc
437 2921 534 2947 habent
551 2921 726 2947 innocentiam
746 2919 788 2945 ba-

148 2965 297 2998 ptismalem
317 2965 350 2991 Vl
370 2965 422 2991 597
441 2972 469 2991 v.
482 2966 515 2991 28
530 2979 563 2984 —
575 2968 614 2991 est
627 2964 787 2990 ostendenda

149 3009 193 3035 Vll
212 3010 263 3035 219
283 3010 298 3034 9

201 3054 375 3080 ΙΝοΒΕῠιεΝτιΑ
395 3067 430 3073 -
449 3056 488 3080 est
501 3053 655 3080 inordinatio
668 3053 693 3078 in
707 3059 788 3084 opere

148 3098 182 3124 Vi
203 3098 235 3124 42
256 3105 282 3124 v.
302 3099 335 3124 17
354 3112 390 3117 -
409 3098 566 3124 Remedium
590 3101 680 3124 contra
701 3097 788 3123 inobe-

148 3143 275 3169 dientiam
304 3146 343 3169 est
371 3143 514 3169 exhortatio
533 3142 566 3168 ad
592 3142 787 3168 observantiam

149 3187 334 3213 mandatorum
360 3187 513 3213 divinorum
541 3186 604 3213 ibid.
628 3200 664 3205 —
683 3185 723 3211 Ab
751 3186 789 3211 in-

147 3229 298 3257 obedientia
317 3234 405 3257 servat
423 3231 501 3257 timor
520 3231 567 3257 Dei
586 3230 649 3257 ibid.

203 3275 284 3300 luem
303 3289 338 3293 —
357 3275 468 3302 exterior
487 3282 548 3301 cum
577 3274 691 3300 interiori
720 3275 788 3300 suill-

147 3318 240 3344 cientia
260 3322 299 3345 est
318 3315 449 3351 opulentia
469 3320 512 3346 Vll
532 3319 583 3345 554
604 3318 636 3345 47
656 3332 691 3338 -
710 3319 789 3345 maxi-

838 306 853 325 a
872 300 944 326 nullo
963 300 1066 326 exuitur
1085 300 1147 327 ibid.

890 345 1051 370 lunanum-to
1069 358 1106 364 —
1124 345 1285 372 claudicatio
1298 346 1430 379 significat
1442 348 1480 373 in-

837 388 1029 414 ordinationem
1056 389 1079 414 in
1106 390 1200 415 effectu
1230 390 1262 416 VI
1287 391 1338 416 560
1364 398 1391 417 ν.
1410 392 1425 417 3
1445 405 1480 410 -

836 431 930 458 Omnia
958 432 1105 459 inordinata
1131 440 1188 460 esse
1216 434 1340 460 videntur
1365 435 1398 460 46
1417 443 1444 468 q.
1464 435 1479 461 4

836 490 871 495 —
890 476 960 502 vitae
979 480 1018 503 est
1038 477 1063 503 in
1082 484 1129 509 eo,
1148 478 1222 511 quod
1235 485 1277 504 res
1291 486 1343 504 non
1357 482 1479 512 aptantur

835 520 869 546 ad
898 527 943 553 ea,
969 521 1004 547 ad
1032 528 1102 554 quae
1126 521 1224 548 habent
1252 522 1419 549 idoneitatem
1443 523 1478 548 76

836 571 863 590 ν.
884 565 910 590 11

889 609 1038 639 INQun-:runo
1057 623 1093 629 —
1112 610 1211 636 inducit
1239 611 1415 637 turbationem
1435 611 1477 637 Vll

836 652 888 678 315
909 653 940 678 19

888 698 1022 727 ΙΝουιιιΕιιε
1041 713 1075 718 —
1094 702 1135 725 est
1153 706 1283 733 quaerere
1308 700 1341 726 vt
1361 699 1395 725 54
1415 707 1442 732 q.
1461 700 1477 725 2

835 755 869 759 -
888 742 1026 774 Ingenium
1046 744 1157 770 inservit
1175 744 1208 770 ad
1229 744 1422 777 inquisitionem
1442 744 1475 769 33

834 792 860 811 ν.
881 786 914 811 10
933 801 969 805 -
987 788 1100 814 Mundus
1118 788 1230 814 traditus
1248 791 1288 814 est
1316 789 1414 814 homini
1442 788 1474 814 ad

834 830 1022 864 inquirendum
1050 832 1112 859 ibid.
1142 847 1175 852 —-
1204 833 1336 867 Inquisitio
1365 833 1476 865 diligens

833 876 967 907 praecedit
985 876 1087 903 latentis
1107 878 1284 904 inventionem
1299 878 1332 904 62
1347 885 1374 904 v.
1393 878 1426 903 24
1440 891 1475 896 -

833 920 967 953 Inquisitio
986 922 1089 948 curiosa
1109 923 1255 949 excluditur
1268 929 1316 955 per
1328 922 1473 948 studiosam

833 964 876 990 Vll
897 964 948 990 438
969 966 1003 992 37

885 1023 921 1027 —
941 1010 1075 1043 Inquisitio
1094 1014 1182 1037 nostra
1201 1018 1252 1037 non
1263 1011 1297 1037 ad
1316 1011 1403 1037 omnia
1417 1018 1473 1043 per-

832 1053 908 1086 tingit
927 1054 960 1079 Vi
980 1054 1014 1080 54
1033 1062 1060 1088 q.
1080 1056 1095 1081 2
1115 1070 1150 1074 -
1175 1055 1331 1081 curiositatis
1356 1058 1395 1081 est
1413 1062 1473 1081 cun-

831 1101 872 1124 cta
892 1101 992 1125 tentare
1011 1100 1045 1125 62
1063 1107 1089 1125 ν.
1109 1099 1142 1125 24
1163 1114 1198 1119 -
1217 1102 1256 1126 εει
1268 1100 1396 1132 sapientia
1410 1099 1471 1126 ibid.

831 1157 866 1161 —
885 1143 967 1176 Magis
987 1144 1144 1177 inquirendo
1164 1145 1283 1178 quaestio
1302 1145 1330 1170 iit
1343 1145 1473 1171 difficilior

832 1186 865 1213 ib.
884 1195 910 1214 v.
931 1188 965 1214 25
1246 1209 1247 1212 ,

884 1246 920 1252 -—
940 1233 1075 1267 Inquisitio
1094 1234 1122 1260 sst
1140 1241 1171 1260 ex
1190 1233 1353 1260 dubitatione
1373 1234 1472 1260 V1429

832 1277 866 1302 29
885 1291 920 1297 -
939 1278 1073 1311 inquisitio
1086 1278 1198 1310 diligens
1220 1278 1338 1304 discendi
1362 1285 1472 1310 praeve-

831 1321 887 1348 nire
907 1321 986 1349 debet
1005 1323 1133 1349 iudicium
1151 1325 1253 1348 eertum
1273 1323 1315 1348 Vll
1336 1323 1369 1348 97
1390 1323 1424 1348 35
1436 1337 1472 1343 -

831 1367 966 1400 Inquisitio
985 1367 1096 1400 requirit
1109 1367 1308 1393 familiaritatem
1323 1368 1354 1393 Vt
1369 1367 1420 1393 429
1437 1369 1471 1394 29

830 1426 866 1429 -
885 1412 1024 1444 dupliciter
1043 1418 1186 1444 possumus
1204 1411 1238 1437 de
1252 1411 1417 1444 temporibus
1436 1414 1472 1439 su-

832 1455 896 1481 turis
915 1456 959 1482 Vll
979 1456 1031 1482 524
1053 1457 1085 1481 12

885 1501 1032 1526 lassamus
1050 1500 1172 1532 —impii
1186 1500 1378 1526 insensatorum
1393 1501 1472 1527 insan-

830 1544 897 1570 tium
916 1552 990 1571 more
1010 1545 1104 1570 vivunt
1122 1545 1155 1570 VI
1176 1545 1225 1570 138
1254 1552 1282 1570 ν.
1307 1545 1322 1570 4
1341 1560 1377 1564 —
1397 1546 1472 1579 lmpii

830 1592 891 1615 sunt
909 1589 1046 1620 insensati,
1065 1589 1128 1622 quia
1142 1595 1194 1614 non
1207 1589 1323 1615 sentiunt
1336 1589 1369 1615 de
1382 1589 1471 1622 rebus,

830 1634 897 1660 sicut
915 1637 976 1660 sunt
993 1632 1055 1660 ibid.

883 1680 1022 1705 Iustnunto
1049 1691 1085 1697 —
1108 1680 1148 1703 est
1165 1678 1268 1709 species
1287 1679 1413 1705 orationis
1438 1681 1470 1706 Vl

830 1723 881 1749 396
903 1723 935 1748 13

883 1768 1029 1794 ΙΝειΡιΕΝτιΑ
1043 1780 1078 1786 -
1090 1770 1130 1792 εει
1148 1773 1210 1792 vera
1224 1767 1343 1794 vacuitas
1363 1769 1405 1794 Vil
1420 1769 1470 1795 139

831 1813 864 1838 18
883 1827 918 1831 —
936 1815 976 1838 est
995 1812 1083 1843 inopia
1104 1810 1167 1837 ibid.
1187 1825 1221 1830 —
1239 1812 1366 1844 insipiens
1384 1814 1470 1840 solum

829 1857 979 1883 considerat
1007 1855 1152 1888 praesentia
1178 1863 1226 1882 nec
1249 1857 1335 1883 sutura
1366 1858 1398 1884 vt
1419 1858 1470 1885 125

829 1908 856 1927 v.
876 1903 891 1927 2

883 1947 1022 1972 1Νει>ιιυτιο
1041 1958 1076 1963 -
1094 1944 1183 1970 divina
1202 1948 1242 1971 est
1254 1945 1343 1971 lumen
1355 1947 1471 1974 excitans

829 1997 844 2016 a
863 1997 957 2016 somno
977 1989 1070 2021 eulpae
1092 1989 1123 2014 Vl
1143 1989 1195 2014 587
1220 1996 1246 2015 v.
1267 1990 1295 2015 11
1319 2005 1353 2010 -——
1379 1991 1469 2018 divina

829 2038 869 2061 est
887 2035 997 2066 angelus
1016 2040 1128 2059 movens
1146 2034 1333 2060 conscientiam
1347 2035 1399 2061 560
1412 2044 1440 2063 ν.
1453 2038 1469 2063 2

829 2093 864 2098 -
877 2079 985 2111 Proprie
996 2078 1093 2104 locutio
1104 2078 1152 2103 Dei
1165 2078 1301 2111 inspiratio
1311 2080 1358 2106 Dei
1368 2084 1408 2107 est
1417 2082 1464 2107 331

828 2124 862 2149 78
888 2138 921 2142 —
941 2125 980 2148 est
1007 2123 1114 2148 effectus
1132 2123 1180 2148 Dei
1199 2123 1225 2148 in
1244 2124 1334 2150 anima
1352 2124 1415 2151 ibid.
1434 2139 1469 2145 —

828 2167 913 2193 Gratia
933 2167 1110 2199 inspirationis
1129 2167 1245 2200 disponit
1263 2168 1297 2195 ad
1316 2169 1399 2195 vitam
1418 2170 1469 2202 spi-

828 2212 947 2238 ritualem
968 2212 1019 2237 562
1039 2218 1065 2236 v.
1085 2212 1113 2237 21
1143 2225 1178 2231 -
1203 2212 1332 2239 Dominus
1350 2217 1425 2240 sanat
1443 2215 1470 2240 il-

827 2256 962 2283 iustrando
981 2256 1064 2287 gratia
1084 2256 1262 2288 inspirationis
1274 2258 1326 2284 564
1341 2266 1368 2284 v.
1388 2259 1421 2284 14
1434 2273 1469 2278 -

828 2299 916 2325 divina
935 2301 974 2324 est
993 2298 1146 2331 simpliciter
1164 2299 1235 2326 bona
1256 2300 1306 2326 410
1326 2302 1361 2327 76

880 2358 915 2363 -
934 2344 1009 2369 Pater
1027 2344 1206 2371 testimonium
1221 2346 1356 2378 perhibuit
1367 2347 1469 2374 Christo

827 2396 875 2421 per
892 2389 1020 2414 internam
1040 2389 1241 2422 inspirationem
1261 2392 1293 2418 Vi
1315 2392 1366 2418 314
1387 2393 1421 2417 65
1433 2406 1469 2411 -

828 2433 920 2459 Anima
939 2434 1076 2465 cognoscit
1101 2434 1301 2467 inspirationem
1326 2437 1385 2467 Dei,
1404 2430 1468 2470 quin

827 2478 915 2510 ipsum
943 2478 1032 2504 videat
1060 2479 1106 2504 331
1139 2480 1173 2505 78
1193 2495 1229 2499 —-
1249 2481 1381 2513 Sapientia
1408 2481 1468 2506 effe-

826 2523 895 2548 ctive
913 2525 939 2547 ct
956 2523 1095 2549 causaliter
1113 2531 1160 2556 per
1186 2525 1385 2557 inspirationem
1405 2525 1468 2551 divi-

826 2574 887 2592 nam
907 2566 1040 2593 obtinetur
1062 2568 1106 2594 151
1131 2577 1157 2595 v.
1177 2570 1211 2595 27
1232 2584 1265 2588 —
1284 2570 1412 2596 Dominus
1431 2570 1467 2595 lo-

826 2611 916 2644 quitur
934 2611 1010 2638 nobis
1023 2613 1086 2638 viva
1099 2621 1165 2640 voce
1178 2614 1279 2640 interna
1299 2614 1468 2646 inspirati0nc

827 2656 877 2682 577
897 2663 923 2681 v.
945 2656 976 2682 43
997 2671 1032 2676 —
1051 2657 1179 2684 Dominus
1198 2659 1315 2685 viviilcat
1328 2666 1375 2691 per
1393 2659 1468 2684 inter-

826 2708 887 2726 nam
906 2701 1104 2733 inspirationem
1124 2704 1171 2729 311
1197 2703 1229 2729 49
1250 2718 1282 2722 »-
1298 2703 1390 2729 Anima
1404 2703 1468 2728 flde-

825 2745 855 2770 iis
874 2746 947 2772 audit
966 2753 1014 2778 per
1043 2747 1241 2780 inspirationem
1268 2748 1395 2773 internam
1416 2747 1466 2772 287

826 2790 870 2815 52.
889 2790 936 2815 311
962 2790 1003 2816 49.
1024 2791 1075 2817 330
1097 2792 1139 2817 69.
1159 2793 1206 2817 331
1230 2792 1274 2823 78>

878 2834 1013 2861 insumus
1030 2850 1065 2854 --
1084 2836 1170 2868 Opera
1196 2836 1310 2862 hominis
1339 2834 1466 2861 instabilia

827 2878 858 2904 VI
879 2878 912 2904 24
931 2886 957 2904 v.
978 2880 1006 2905 11

879 2924 1010 2957 insnum
1030 2939 1065 2943 —
1079 2925 1111 2950 Vi
1132 2925 1165 2950 28
1185 2932 1211 2957 q.
1233 2925 1242 2949 1

879 2967 975 2994 ΙΝετιτΛ
994 2983 1029 2987 -
1048 2972 1108 2994 sunt
1127 2968 1263 3000 ligamina,
1277 2967 1375 3000 quibus
1387 2968 1468 2993 invol-

826 3010 955 3038 vebantur
973 3020 1067 3038 manus
1086 3016 1111 3038 et
1130 3012 1212 3044 pedes
1232 3012 1264 3037 Vl
1286 3012 1336 3037 405
1357 3012 1390 3037 60

879 3056 1018 3082 Insrnueni:
1055 3056 1221 3082 -Christus
1240 3056 1328 3081 educit
1348 3063 1413 3082 oves
1432 3057 1467 3083 ad

825 3107 923 3131 pascua
943 3100 1095 3126 instruendo
1115 3100 1147 3125 Vl
1177 3099 1229 3125 384
1250 3100 1264 3124 4
1290 3114 1325 3118 —
1354 3101 1466 3128 Eleemo-

825 3151 889 3176 syna
903 3144 1044 3176 spiritualis
1057 3144 1174 3170 consistit
1187 3144 1211 3169 in
1226 3144 1396 3171 instructIone
1410 3152 1468 3178 pro-

825 3188 886 3214 ximi
906 3189 940 3214 90
960 3196 986 3213 v.
1005 3189 1021 3213 6

853 3242 855 3245 ’
872 3233 1073 3265 μ1Νετιιυιιικῑιιτυιιι
1092 3245 1127 3251 -
1147 3232 1278 3258 interdum
1292 3233 1398 3265 ponitur
1418 3241 1467 3266 pro

825 3275 1022 3308 operationibus
1049 3276 1083 3302 ab
1112 3277 1169 3309 ipso
1200 3277 1406 3309 procedentibus
1435 3279 1467 3304 Vl

827 3320 877 3346 114
897 3327 923 3345 v.
942 3320 957 3345 6
978 3335 1012 3338 -
1037 3321 1211 3347 Instrumenta
1240 3328 1268 3347 se
1287 3322 1466 3349 immediatius

2095 180 2159 211 707

1815 220 1866 246 INT

1519 261 1616 287 habent
1635 263 1668 288 ad
1687 263 1803 289 animam
1823 272 1903 297 quam
1918 272 2010 291 eorum
2029 267 2160 298 operatio-

1518 312 1564 331 nes
1583 305 1645 332 ibid.

1572 350 1718 377 tumemus
1736 366 1771 370 —
1791 353 1874 378 Homo
1900 353 1979 380 debet
2006 361 2062 380 esse
2093 363 2160 381 unus

1518 400 1578 419 cum
1605 401 1634 420 se
1653 396 1711 427 ipso
1731 403 1778 428 per
1806 397 1981 429 integritatem
2002 400 2097 425 mentis
2127 400 2159 425 Vi

1518 438 1569 462 609
1589 438 1604 463 3
1624 452 1659 458 -
1680 441 1774 466 mentis
1793 443 1996 468 commendatur
2015 443 2076 469 ibid.

1571 483 1735 510 ΙΝτειιεετυε
1754 499 1789 504 -
1809 486 1942 517 possibilis
1964 491 2049 519 potest
2071 489 2157 513 onmia

1517 525 1572 551 {leri
1585 529 1612 552 et
1624 528 1712 553 omnia
1734 530 1819 555 facere
1841 531 1871 555 VI
1891 531 1925 556 55
1945 539 1971 564 q.
1992 533 2007 557 3
2027 546 2061 551 —
2078 533 2158 564 possi-

1517 568 1575 595 bilis
1594 574 1680 602 potest
1700 573 1724 597 in
1745 580 1773 598 se
1792 574 1910 606 recipere
1930 576 2018 601 omnia
2039 583 2159 607 praesen-

1516 613 1559 646 tia,
1572 616 1659 640 omnia
1680 618 1819 647 praeterita
1839 622 1864 644 et
1882 620 1969 644 omnia
1991 621 2075 645 sutura
2096 620 2157 646 ibid.

1516 671 1550 676 —
1569 665 1650 690 agens
1672 663 1758 692 potest
1777 663 1891 688 formare
1919 664 1975 688 sive
2003 664 2156 691 abstrahere

1515 703 1692 734 cognitionem
1713 705 1738 730 in
1759 706 1887 732 intellectu
1909 707 2027 739 possibili
2041 708 2102 735 ibid.
2123 724 2156 728 —

1515 746 1639 779 Operatio
1662 748 1804 776 intellectus
1824 751 1956 782 possibilis
1980 753 2112 784 dependet
2132 758 2157 779 et

1514 798 1528 816 a
1549 792 1705 819 certitudine
1725 794 1761 819 rei
1781 798 1852 820 extra
1872 799 1897 821 et
1916 796 2025 822 interius
2043 804 2057 822 a
2077 805 2156 823 sensu

1514 834 1575 862 ibid.
1594 851 1629 855 —
1649 841 1736 863 noster
1756 839 1851 871 accipit
1869 846 1884 865 a
1908 840 1988 866 rebus
2007 841 2157 868 similitudi—

1513 887 1574 906 nem
1594 887 1685 919 earum
1705 881 1767 908 ibid.

1565 939 1600 943 —
1620 929 1708 952 noster
1727 934 1780 952 non
1800 930 1886 959 potest
1905 936 1952 960 per
1971 936 1999 955 se
2019 930 2043 955 in
2059 932 2156 957 futuro-

1511 976 1570 994 rum
1590 970 1768 1002 cognitionem
1789 972 1891 1004 venire,
1911 973 1959 999 nisi
1973 981 2021 1006 per
2034 982 2095 1000 eum
2109 982 2156 1001 cu-

1512 1014 1552 1039 ius
1572 1015 1688 1047 cognitio
1707 1022 1760 1041 non
1780 1016 1912 1048 dependet
1931 1025 1945 1043 a
1965 1018 2045 1044 rebus
2066 1020 2097 1045 Vl
2119 1021 2153 1046 54

1510 1066 1537 1091 q.
1559 1052 1579 1084 3'
1594 1073 1628 1077 —
1648 1062 1737 1085 noster
1755 1061 1844 1086 omnia
1864 1062 1984 1095 intelligit
1998 1064 2031 1089 36
2044 1071 2070 1097 q.
2085 1066 2100 1090 2
2118 1079 2154 1084 -

1510 1109 1564 1128 ιιοιι
1582 1110 1610 1128 se
1628 1104 1744 1130 extendit
1761 1105 1795 1131 ad
1815 1112 1844 1131 ea
1865 1113 1934 1139 quae
1953 1108 2036 1134 nescit
2049 1109 2083 1134 54
2097 1117 2123 1143 q.
2141 1110 2147 1134 1

1509 1161 1545 1166 -
1563 1151 1652 1174 noster
1671 1152 1710 1174 est
1728 1149 1911 1181 impermixtus
1930 1152 1963 1177 36
1983 1160 2008 1186 q.
2030 1154 2045 1178 2

1563 1207 1598 1211 —
1617 1193 1712 1219 amittit
1730 1195 1922 1227 operationem,
1946 1203 2058 1229 corpore
2082 1199 2152 1225 laeso

1510 1237 1543 1262 Vl
1562 1237 1597 1263 37
1616 1245 1642 1270 q.
1662 1239 1678 1263 2
1698 1245 1754 1271 arg.
1776 1239 1790 1265 3
1812 1254 1845 1258 —-
1865 1239 1968 1273 Corpus
1993 1242 2152 1269 intellectum

1509 1288 1523 1306 a
1544 1283 1764 1314 contemplatione
1792 1284 1908 1310 veritatis
1935 1285 2072 1312 obnubilat
2101 1288 2151 1313 170

1510 1333 1536 1351 v.
1557 1325 1590 1351 15

1563 1384 1598 1390 -
1617 1371 1741 1403 Operatio
1758 1372 1901 1399 intellectus
1915 1374 1985 1400 viam
2000 1375 2088 1408 dirigit
2101 1377 2151 1402 vir-

1510 1414 1609 1441 tutibus
1629 1416 1801 1443 existentibus
1827 1418 1851 1443 in
1877 1419 1970 1444 affectu
1991 1419 2024 1445 Vl
2045 1420 2095 1445 328
2117 1422 2150 1446 56

1509 1474 1544 1477 -
1558 1459 1645 1486 minus
1658 1461 1747 1487 unitur
1757 1461 1861 1488 obiecto
1873 1470 1953 1495 quam
1968 1464 2075 1490 affectus
2086 1464 2148 1491 ibid.

1561 1518 1597 1523 —
1617 1506 1642 1530 In
1663 1505 1793 1532 intellectu
1809 1513 1861 1532 non
1874 1506 1960 1532 diii‘ert
1979 1508 2051 1533 visus
2070 1512 2095 1534 et
2108 1516 2151 1535 att-

1509 1548 1579 1575 ditus
1592 1549 1622 1575 vt
1634 1550 1680 1575 331
1696 1550 1730 1576 78
1741 1557 1797 1582 arg.
1810 1551 1819 1576 1
1835 1564 1870 1570 -
1879 1551 2021 1577 Curiositas
2031 1556 2069 1578 est
2080 1553 2152 1579 intei-

1509 1592 1591 1619 lectus
1602 1594 1710 1628 humani
1722 1594 1860 1621 libidinosa
1874 1595 2022 1627 prostitutio
2035 1597 2066 1621 18
2078 1604 2104 1622 ν.
2120 1598 2149 1622 13

1563 1652 1597 1656 -
1615 1641 1655 1664 est
1674 1645 1752 1665 causa
1772 1639 1887 1671 legitima
1911 1640 2031 1665 omnium
2060 1647 2150 1667 rerum

1510 1682 1541 1707 VI
1561 1681 1597 1708 77
1615 1690 1642 1716 q.
1663 1683 1673 1708 1
1699 1697 1733 1702 —
1752 1683 1778 1709 id
1798 1690 1846 1716 per
1874 1691 1902 1709 se
1923 1684 1997 1715 facit,
2017 1684 2050 1710 ad
2076 1686 2150 1718 quod

1508 1726 1608 1753 directe
1626 1728 1765 1754 ordinatur
1784 1727 1847 1754 ibid.
1868 1742 1903 1747 -
1922 1729 2028 1761 respicit
2047 1732 2148 1756 tantum

1508 1777 1601 1796 verum
1624 1772 1674 1797 113
1699 1779 1725 1798 v.
1745 1772 1761 1797 5

1561 1830 1596 1833 —
1614 1815 1771 1842 obscuratus
1789 1820 1828 1842 est
1841 1820 1948 1849 propter
1962 1820 2100 1849 peccatum
2115 1818 2149 1844 VI

1508 1859 1559 1885 256
1580 1860 1613 1886 43
1627 1874 1663 1880 -
1676 1868 1729 1887 non
1748 1861 1832 1894 videt,
1851 1861 1900 1887 nisi
1919 1869 1932 1887 a
1946 1862 2004 1887 luce
2017 1863 2149 1893 corporali

1506 1903 1667 1930 illuminetur
1696 1905 1746 1931 249
1777 1906 1810 1931 12
1831 1919 1864 1923 -
1888 1905 1985 1931 Oculus
2003 1905 2148 1932 intellectus

1507 1955 1602 1975 caecus
1620 1952 1659 1983 est
1677 1953 1798 1982 respectu
1818 1950 1923 1975 alterius
1936 1950 1988 1975 250
2010 1950 2040 1975 16
2054 1963 2090 1969 -
2103 1958 2146 1976 no-

1507 1996 1560 2019 ster
1578 2001 1607 2020 se
1635 1994 1715 2020 habet
1733 1995 1767 2020 ad
1792 1994 2000 2020 manifestissima
2021 1998 2147 2028 naturae,

1506 2038 1573 2064 sicut
1591 2045 1620 2064 se
1648 2038 1727 2064 habet
1751 2039 1844 2065 oculus
1862 2042 1972 2066 noctuae
1998 2039 2032 2064 ad
2060 2040 2146 2065 lucem

1506 2083 1568 2108 solis
1588 2083 1638 2108 170
1658 2090 1684 2108 v.
1706 2084 1737 2108 16

1560 2142 1595 2145 -
1613 2131 1701 2153 noster
1718 2134 1772 2153 non
1791 2130 1877 2159 potest
1896 2128 1978 2159 {igere
1991 2128 2098 2154 oculum
2118 2129 2145 2155 in

1506 2172 1595 2198 lumen
1615 2175 1749 2198 aeternum
1770 2172 1813 2197 Vll
1833 2172 1884 2197 235
1904 2171 1937 2197 57
1961 2186 1997 2191 -
2016 2173 2145 2199 intellectu

1506 2216 1628 2242 videmus
1653 2217 1736 2242 Deum
1765 2216 1797 2241 Vt
1824 2216 1874 2241 112
1895 2224 1920 2241 v.
1941 2218 1956 2242 2
1976 2230 2011 2235 -
2029 2217 2146 2243 relicitur

1506 2261 1532 2286 in
1550 2261 1771 2292 contemplatione
1790 2260 1936 2287 Divinitatis
1955 2261 2007 2286 385
2031 2262 2055 2286 11

1560 2319 1593 2323 -
1614 2305 1808 2336 scripturarum
1828 2312 1842 2330 a
1863 2305 1915 2330 Deo
1936 2305 2048 2331 donatur
2063 2306 2095 2331 Vi
2111 2306 2144 2331 33

1506 2356 1533 2374 ν.
1553 2349 1595 2374 13.
1628 2349 1678 2374 114
1707 2356 1732 2374 ν.
1751 2349 1768 2374 7
1793 2363 1827 2367 -—
1852 2349 1969 2381 disponit
1987 2350 2021 2376 ad
2041 2351 2146 2382 sapien-

1507 2394 1569 2419 tiam
1590 2394 1632 2419 Vii
1653 2393 1704 2419 474
1723 2393 1738 2418 7

1559 2452 1594 2457 —
1612 2439 1646 2463 Ea
1666 2445 1735 2470 quae
1754 2441 1814 2464 sunt
1834 2438 1908 2469 fidei,
1928 2443 1989 2465 sunt
2007 2447 2088 2472 supra
2103 2447 2145 2466 no-

1505 2485 1588 2508 strum
1607 2482 1766 2508 intellectum
1787 2490 1835 2514 per
1854 2490 1882 2509 se
1901 2484 2017 2515 nudum,
2037 2492 2089 2510 hon
2110 2490 2147 2510 ta-

1506 2534 1565 2552 men
1593 2530 1653 2552 sunt
1677 2534 1759 2558 supra
1785 2527 1942 2554 intellectum
1973 2529 2034 2555 tidei
2062 2530 2146 2561 gratia

1506 2572 1660 2596 illustratum
1689 2571 1721 2596 Vi
1742 2571 1775 2597 54
1804 2579 1831 2605 q.
1850 2574 1865 2597 2
1885 2587 1919 2592 -
1939 2573 2085 2606 Captivatio
2111 2574 2146 2599 in-

1505 2616 1620 2641 tellectus
1639 2616 1666 2640 in
1685 2615 1845 2649 obsequium
1866 2618 1925 2643 ildei
1946 2610 2065 2644 liberata
2085 2626 2146 2651 pec-

1505 2663 1563 2685 cato
1583 2660 1625 2685 Vll
1647 2660 1662 2686 4
1681 2661 1696 2685 8

1557 2718 1592 2723 -—
1613 2705 1779 2737 humiliatur,
1799 2713 1860 2732 cum
1880 2714 1981 2732 nense
2005 2707 2086 2732 credit
2111 2707 2146 2732 ad

1504 2749 1592 2774 omnia
1613 2750 1753 2775 sciendum
1773 2757 1898 2783 capacem
1928 2752 1960 2777 Vl
1985 2751 2037 2776 529
2058 2751 2091 2775 56
2110 2764 2146 2770 —-
2171 2782 2174 2786 =

1504 2794 1551 2818 I‘er
1583 2793 1741 2820 intellectum
1773 2798 1812 2820 est
1843 2795 1973 2827 capacitas
2005 2795 2146 2827 spiritualis

1504 2837 1555 2863 530
1575 2838 1609 2863 57

1557 2883 1744 2909 {matitunum
1777 2898 1813 2902 —
1845 2883 1951 2915 respicit
1979 2883 2144 2915 intelligenda

1503 2926 1561 2951 sive
1579 2927 1770 2953 consideranda
1792 2928 1824 2953 Vi
1844 2928 1878 2953 27
1898 2935 1924 2953 v.
1944 2928 1977 2952 26
1997 2941 2031 2946 -
2045 2928 2144 2953 Nomen

1505 2970 1689 3002 intelligentiae
1714 2973 1846 3003 profertur
1873 2971 2025 3003 operatione
2045 2978 2145 2996 memo-

1505 3015 1572 3047 riae,
1593 3015 1784 3047 intelligentiae,
1805 3015 1953 3046 voluntatis,
1969 3018 1995 3040 et
2009 3018 2093 3039 tamen
2108 3016 2145 3040 al-

1504 3062 1586 3084 teram
1607 3060 1710 3085 iliorum
1730 3059 1860 3090 signifieat
1879 3059 1930 3083 310
1951 3058 1983 3083 45
2003 3072 2038 3076 —-
2057 3063 2095 3084 est
2114 3065 2144 3084 ex

1505 3103 1563 3129 visu
1585 3104 1626 3128 Vll
1647 3103 1680 3128 54
1702 3103 1733 3128 43
1753 3116 1789 3121 -
1808 3102 1898 3127 crediti
1913 3101 2024 3127 habetur
2043 3109 2090 3134 pet·
2104 3110 2145 3128 ra-

1504 3148 1589 3173 tiones
1612 3146 1800 3179 congruentiae
1828 3146 1861 3171 Vt
1885 3145 1935 3170 243
1959 3146 1990 3170 10
2010 3160 2043 3164 -
2064 3154 2146 3178 gene-

1504 3194 1576 3216 ratur
1596 3197 1643 3222 per
1662 3189 1872 3215 ratiocinationes
1885 3189 2023 3215 doctorum
2044 3190 2077 3216 ib.
2102 3191 2126 3215 i·

1558 3249 1592 3253 —
1613 3233 1744 3259 obtinetur
1764 3233 1856 3259 merito
1875 3234 2018 3259 sanctitatis
2031 3235 2100 3260 vitae
2119 3239 2145 3260 et

1504 3278 1621 3310 disponit
1638 3278 1673 3303 ad
1691 3277 1867 3303 excellentiam
1887 3278 2021 3304 doctrinae
2041 3279 2072 3304 Vt
2093 3279 2144 3304 239

1510 3323 1516 3348 1
1553 3335 1588 3341 -
1618 3322 1784 3348 Desiderimn
1821 3326 1926 3348 nostrae
1962 3323 2146 3355 intelligentiae
