2476 3921
61 1868 151 1891 lntentio

38 1895 107 1922 quoad
120 1901 172 1923 qna-

78 1925 132 1944 tuor.

50 2187 128 2213 Primo,
143 2187 170 2210 de

67 2214 152 2237 motivo.

800 266 992 299 COMMENT.
1019 266 1053 298 ΙΝ
1079 265 1316 298 EVANGELIUM
1341 266 1458 299 LUCAE
1481 267 1512 299 C.
1539 267 1558 299 1.
2128 271 2160 300 11

193 357 270 389 utile
292 356 428 399 fueram
451 355 556 388 sciens
580 360 707 395 tamen,
733 355 822 399 qaod
844 359 1031 397 operantem
1054 353 1147 396 ayri-

192 409 298 443 colam
322 412 444 451 oportet
465 408 617 451 primam
648 408 687 441 de
720 407 889 451 fructibus
911 407 1003 440 edere
1018 408 1040 445 ¹,
1064 407 1147 439 vita-

191 462 303 495 vimus
332 461 503 503 publica-m
534 461 778 499 curiositatem,
811 460 840 493 id
872 463 919 493 est
953 460 1148 502 superfluam

191 514 409 557 loquacitatem
426 514 491 547 sive
504 517 629 556 praeter
645 514 858 547 necessitatem
883 513 1029 546 scientiae
1045 516 1148 546 osten-

192 567 327 607 sionem;
351 577 391 599 ne
414 576 480 599 non
501 571 568 599 tam
597 566 776 598 volentibus
802 566 904 598 Deam
921 566 1149 598 demonstrare

191 620 380 653 videremur
403 629 505 664 qaam
528 618 775 662 fastidientibus
796 618 994 660 prodidisse.
1020 618 1081 650 Hoc
1102 621 1149 651 est

191 673 313 712 dicere,
338 673 422 715 quod
446 672 521 714 quia
543 671 652 704 doctor
676 675 706 704 et
730 671 893 713 expositor
916 671 998 704 sicut
1013 671 1150 713 agricola

191 727 283 760 debet
306 726 344 759 de
368 725 523 758 fructibus
547 724 613 757 suis
643 724 753 763 edere,
778 733 839 756 non
871 724 963 757 debet
994 733 1149 766 quaerere

191 779 330 817 curiosa,
354 778 408 811 sed
432 778 611 816 fructuosa,
636 787 697 810 non
721 777 855 810 aliorum
877 777 1016 816 laudem,
1034 777 1087 810 sed
1105 780 1150 810 te-

192 832 372 865 stimonium
399 830 621 869 conscientiae,
646 839 707 863 non
743 830 951 863 ostensionem
986 830 1148 869 vanitatis,

1211 353 1266 386 sed
1289 354 1533 387 aedificationem
1551 355 1688 387 caritatis
1702 356 1723 387 ².
1750 356 1784 387 Et
1810 356 1884 388 llaec
1900 359 1946 388 est
1964 356 2052 394 ratio,
2069 365 2167 397 quare

1211 415 1291 448 opus
1315 410 1362 439 est
1385 407 1566 449 frequenter
1589 417 1608 439 a
1632 408 1776 449 pluribus
1799 408 2004 449 supersedere
2020 411 2051 440 et
2066 408 2168 441 dicere

1212 459 1404 498 necessaria,
1441 460 1565 492 vitando
1600 470 1660 492 non
1693 464 1878 502 opportuna.
1914 479 1952 483 —
1991 461 2043 493 Vel
2079 462 2168 494 aliter
2189 469 2313 500 Aliaeu»

1213 515 1315 553 potest
1338 512 1470 554 exponi:
1495 513 1570 554 quia
1593 513 1692 545 noluit
1716 513 1819 545 omnia
1835 522 2008 555 exponere,
2028 518 2069 546 111Δ
2081 514 2169 547 daret
2229 499 2285 517 ‘¹¹¹⁰'

1213 565 1282 597 aliis
1305 574 1430 597 causam
1457 566 1615 598 laborandi
1640 569 1671 598 et
1701 566 1739 598 de
1771 566 1837 598 suis
1859 566 2015 599 fructibus
2040 568 2168 600 inandu-

1214 617 1321 656 candi;
1346 621 1377 650 et
1401 618 1460 650 1106
1495 618 1664 659 figuratum
1700 619 1758 650 suit
1790 619 1819 650 in
1854 619 1948 660 Lege,
1974 620 2025 651 ubi
2055 620 2169 653 dicitur

1214 670 1338 703 Levitici
1374 670 1494 703 decimo
1517 671 1623 703 nono³
1647 671 1855 709 messoribus,
1880 672 1963 713 quod
1996 682 2056 704 non
2085 674 2170 704 rolli·

1213 728 1323 765 gerent
1346 728 1542 756 remanentes
1565 724 1683 766 spicas,
1700 724 1775 766 quia
1791 725 1881 766 primi
1899 721 2169 758 (10(-10103110110111

1214 777 1347 818 posteris
1371 777 1548 819 relinquere
1579 777 1772 810 occasionem
1797 778 1949 810 exercitii.
1976 778 2011 810 Et
2035 783 2168 821 utroque

1214 830 1305 862 modo
1328 830 1403 862 satis
1426 839 1500 863 sane
1525 834 1626 872 potest
1649 831 1775 872 exponi.

915 1079 1445 1131 COMMENTARIUS

584 1259 675 1326 IN
736 1257 1325 1326 EVANGELIUM
1386 1259 1436 1325 S.
1499 1259 1781 1327 LUGAE

1066 1452 1247 1485 Cama-utun
1274 1453 1293 1484 1.

451 1645 613 1678 PROLOGUS
639 1644 887 1677 Evam-ansus.

284 1754 309 1784 1.
337 1752 501 1793 Quoniam
526 1751 657 1794 quictem
687 1751 786 1784 malti
807 1755 865 1784 016.
891 1751 944 1785 1116
967 1756 1014 1785 031
1038 1761 1149 1785 secun·

189 1806 248 1839 dus
275 1805 442 1847 prologus,
466 1804 604 1837 auctoris
639 1804 757 1837 scilicet
784 1804 865 1837 beati
902 1805 1020 1843 Lucae,
1052 1814 1148 1847 quem

189 1868 247 1893 suo
269 1857 441 1901 praemittit
464 1849 644 1899 Evangelio,
669 1857 701 1889 in
725 1866 789 1899 quo
805 1866 894 1889 suam
912 1857 1088 1890 manifestat
1105 1857 1149 1889 in-

189 1912 358 1946 tentionem
390 1914 544 1952 quantum
579 1909 618 1942 ad
653 1913 809 1952 quatuor,
842 1910 959 1942 scilicet
993 1914 1148 1952 quantum

189 1965 228 1999 ad
250 1965 428 2002 motivum,
449 1963 692 2005 promotioam,
717 1962 913 1996 clirectivanz
937 1967 968 1996 et
993 1972 1147 1995 consum-

189 2018 370 2056 mativum,
394 2016 426 2049 in
450 2015 567 2058 quibus
591 2016 784 2049 sufficienter
816 2016 1035 2050 manifestatur
1061 2017 1148 2059 prin-

189 2072 287 2114 cipale
311 2071 476 2103 intentum.

278 2126 308 2157 2.
333 2124 434 2166 (Vers.
463 2122 514 2164 1.).
540 2122 644 2155 Primo
660 2132 735 2165 ergo
752 2123 928 2156 manifestat
943 2123 1147 2156 intentionem

189 2187 277 2212 suam
302 2180 455 2220 quantum
481 2176 520 2208 ad
542 2176 718 2215 motivum,
739 2176 824 2218 quod
848 2176 974 2218 quidem
991 2176 1050 2209 fuit
1066 2176 1148 2209 alio-

188 2242 266 2265 rum
290 2230 492 2273 exemplam;
516 2233 547 2263 et
570 2230 630 2262 1106
653 2232 756 2269 notat,
774 2238 847 2262 cum
870 2229 962 2262 dicit:
981 2230 1148 2270 Quoniam

188 2283 285 2317 multi
307 2283 419 2316 conati
439 2287 519 2315 sant
534 2282 693 2315 ordinare
708 2282 950 2314 narrationem.
969 2282 1052 2315 Inter
1068 2291 1148 2327 quos

189 2337 315 2380 quidam
339 2336 469 2369 suerunt
503 2335 594 2374 boni,
620 2335 701 2368 sicut
735 2336 910 2368 Matthaeus
945 2339 976 2368 et
1004 2336 1147 2373 Marcus,

189 2390 243 2432 qui
267 2393 339 2423 ante
373 2389 587 2431 scripserunt,
612 2388 693 2421 sicut
716 2388 859 2421 habitum
892 2392 940 2421 est
963 2388 994 2420 in
1018 2388 1148 2431 prologo

188 2443 409 2485 Hieronymi⁴;
434 2442 562 2484 quidam
598 2451 673 2475 vero
704 2442 795 2481 mali,
820 2442 901 2475 sicut
936 2442 1010 2475 dicit
1040 2442 1148 2475 Glossa

188 2496 300 2535 Bedae‚
322 2509 338 2525 «
354 2500 390 2529 111
414 2495 560 2529 Basilides
583 2499 614 2528 et
637 2495 796 2537 Appelles‚
813 2496 914 2538 etqui
939 2496 999 2528 sub
1022 2496 1148 2529 nomine

189 2550 324 2583 Thomae
357 2552 389 2582 et
422 2549 555 2582 Mathiae
589 2552 620 2581 et
650 2548 784 2582 aliorum
819 2549 1038 2591 Apostolorum
1071 2548 1148 2581 salsa

189 2603 427 2646 scripserunt»;
452 2602 543 2645 quia,
569 2602 650 2635 sicut
673 2602 789 2635 dicitur
813 2602 967 2635 secundae
984 2602 1022 2635 ad
1038 2601 1148 2635 Corin-

188 2657 271 2690 thios
304 2656 487 2696 undecimo,
528 2669 544 2684 «
572 2655 754 2689 huiusmodi
786 2655 1036 2698 pseudoapostoli
1073 2657 1147 2688 sunt

188 2710 322 2752 operarii
347 2709 487 2749 subdoli,
505 2709 767 2751 transfigurantes
783 2717 816 2741 se
833 2708 863 2741 in
881 2708 1041 2750 Apostolos
1057 2707 1146 2740 Chri-

260 2901 268 2916 ¹
290 2903 369 2934 Epist.
388 2903 415 2928 ll.
436 2902 503 2927 Tim.
524 2903 553 2935 2,
572 2903 596 2928 6.
616 2902 690 2928 —ln
709 2902 730 2928 Α
749 2902 865 2928 secunda
888 2908 981 2927 manus
1000 2901 1101 2927 addidit
1121 2900 1149 2926 id

190 2947 229 2972 est
246 2945 387 2973 utilitatem
404 2945 563 2973 auditorum
583 2953 727 2980 quaerere,
746 2950 772 2972 et
789 2946 896 2972 interius
919 2949 978 2978 post
999 2944 1147 2972 volentibus

190 2989 322 3016 subiunxit
340 2989 367 3018 id
385 2992 423 3017 est
442 2990 622 3025 attinentibus.

260 3032 270 3048 ²
290 3034 406 3061 Similem
426 3035 614 3068 expositionem
634 3034 743 3067 praebet
764 3035 884 3060 Sedulius
904 3035 1004 3060 Scotus.

260 3076 271 3092 ⁸
292 3079 365 3105 Vers.
385 3080 408 3104 9.
429 3082 454 3105 et
473 3080 521 3112 23,
542 3080 583 3105 22.

259 3121 270 3136 ⁴
290 3123 373 3155 Supra
393 3130 455 3156 pag.
474 3123 499 3149 7.
517 3137 553 3143 —
572 3124 695 3157 Sequitur
720 3124 825 3154 Glossa,
847 3129 917 3156 quae
940 3126 979 3149 est
1002 3122 1073 3154 apud
1101 3123 1147 3153 Ly-

190 3173 283 3192 ranum
304 3167 343 3200 (in
364 3168 433 3193 bunc
452 3167 550 3201 locum)
569 3167 765 3199 interlinearis,
789 3169 897 3193 formata
917 3174 946 3193 ex
969 3166 1000 3193 iis
1024 3173 1092 3199 quae
1111 3165 1148 3191 di-

191 3211 225 3236 cit
243 3211 312 3236 Beda
331 3211 357 3237 in
375 3211 489 3238 eundem
508 3212 595 3238 locum
616 3212 674 3244 (cfr.
692 3211 822 3242 ambros,
836 3212 853 3237 1.
872 3211 985 3244 Exposit.
1004 3210 1028 3236 in
1046 3211 1106 3236 Luc.
1122 3217 1147 3235 u.

192 3255 236 3287 2.).
256 3254 372 3282 Subinde
391 3256 516 3288 allegatur
535 3256 563 3282 11.
581 3255 639 3282 Cor.
661 3256 688 3281 11
701 3256 768 3288 [13.
788 3269 824 3275 -
842 3255 977 3287 Ambroa,
992 3256 1041 3280 loc.
1060 3255 1103 3280 cit.
1122 3262 1146 3279 n.

193 3298 222 3323 3:
242 3298 337 3326 conati
354 3299 445 3333 utique
464 3300 498 3326 illi
518 3303 591 3331 sunt,
610 3300 657 3333 qui
676 3300 784 3332 implere
797 3299 981 3332 nequiverunt.
1002 3300 1070 3330 lii-go
1084 3298 1148 3323 mul-

192 3345 232 3368 tos
249 3343 366 3375 coepisse
385 3351 432 3370 nec
452 3344 616 3376 implevisse,
628 3344 707 3369 etiarn
726 3345 752 3369 S.
765 3345 848 3369 Lucas
867 3343 1014 3369 testimonio
1035 3343 1147 3374 locuple-

193 3385 258 3412 tiore
276 3390 394 3419 testatur,
414 3388 516 3420 diceus,
536 3388 663 3420 plurimos
681 3395 739 3414 esse
757 3391 871 3414 conatos.
888 3387 937 3420 Qui
951 3388 1019 3412 enim
1039 3391 1149 3413 conatus

193 3433 232 3456 est
250 3431 383 3464 ordinare,
402 3439 451 3459 sao
466 3431 557 3459 labore
569 3436 677 3459 conatus
696 3436 746 3464 est,
766 3439 815 3458 1106
829 3432 956 3464 implevit.
972 3432 1035 3459 Sine
1049 3433 1147 3457 conatu

1215 1644 1301 1676 sti».
1325 1643 1418 1676 Primi
1443 1644 1543 1676 conati
1568 1647 1643 1677 sunt
1665 1648 1696 1677 et
1724 1644 1942 1686 perfecerunt,
1967 1646 2094 1678 secundi
2120 1656 2170 1678 co-

1214 1697 1278 1730 nati
1310 1700 1384 1730 sunt
1419 1701 1449 1730 et
1480 1697 1671 1730 defecerunt.
1698 1697 1790 1730 Primi
1827 1704 1994 1732 moverunt
2025 1701 2170 1742 exemplo

1214 1749 1287 1782 boni
1311 1753 1342 1782 et
1365 1749 1446 1788 veri,
1471 1750 1597 1783 secundi
1624 1755 1792 1784 moverunt
1814 1751 1884 1784 odio
1908 1752 1990 1784 mali.
2016 1753 2057 1785 Ad
2081 1754 2170 1786 orili-

1213 1803 1365 1835 nandum.
1388 1803 1636 1843 narrationem,
1661 1813 1770 1837 earum
1795 1805 1912 1838 scilicet
1936 1814 2061 1844 rerum,
2086 1816 2170 1849 quae

1213 1856 1388 1898 completae
1410 1860 1489 1888 sunt
1512 1856 1547 1889 in
1570 1856 1663 1889 nobis
1675 1857 1699 1895 ⁶,
1718 1857 1747 1889 id
1764 1862 1811 1890 est
1826 1858 1908 1891 inter
1924 1867 1980 1891 nos
1996 1863 2026 1891 et
2043 1863 2171 1901 propter

1213 1918 1288 1948 nos,
1313 1909 1394 1942 sicut
1417 1909 1602 1951 mysterium
1628 1910 1868 1949 incarnationis,
1892 1911 2044 1952 passionis
2068 1916 2098 1944 et
2122 1921 2171 1944 re-

1213 1962 1427 1995 surrectionis.
1452 1962 1538 1995 Unde
1563 1963 1684 1996 loannis
1707 1963 1823 2006 primo:
1846 1963 1910 1995 «Εῑ
1935 1964 2072 1996 Verbum
2097 1974 2169 1997 caro

1212 2016 1329 2048 factum
1354 2018 1401 2048 est
1424 2019 1455 2049 et
1476 2016 1628 2049 habitavit
1651 2017 1682 2049 in
1705 2016 1808 2055 nobis;
1825 2019 1856 2049 et
1881 2016 2016 2049 vidimus
2039 2017 2168 2059 gloriam

1213 2069 1308 2102 eius»
1338 2072 1396 2102 etc.

1302 2122 1331 2155 3.
1357 2122 1458 2163 (Vers.
1484 2122 1538 2163 2).
1564 2122 1723 2161 Secundo,
1748 2125 1901 2164 quantum
1938 2122 1976 2155 ad
2008 2124 2168 2165 promoti·
2185 2130 2295 2166 Secundo..
2306 2130 2333 2152 de

1212 2185 1310 2214 vam,
1327 2175 1411 2217 quod
1435 2175 1562 2218 quidem
1586 2175 1644 2208 fuit
1662 2175 1894 2217 Apostolorum
1917 2175 2168 2214 documentum,-
2193 2160 2317 2184 '’mmum'

1212 2232 1244 2261 et
1266 2229 1325 2261 1106
1349 2231 1452 2267 notat,
1477 2237 1549 2261 cum
1577 2228 1668 2261 dicit:
1705 2228 1798 2260 Sicut
1832 2228 2046 2261 tradiderunt
2075 2230 2168 2262 nobis

1212 2281 1272 2325 qai
1294 2281 1336 2314 ab
1360 2281 1455 2314 initio
1479 2281 1545 2324 ipsi
1567 2281 1739 2319 viderunt,
1769 2280 1885 2313 36111601
1908 2282 2060 2323 ΑροεῑοῙί;
2086 2283 2168 2316 unde

1212 2334 1331 2376 primae
1356 2334 1477 2367 Ioannis
1501 2333 1602 2376 primo
1615 2334 1645 2365 ⁶:
1676 2347 1691 2362 «
1708 2333 1795 2374 Quod
1813 2333 2005 2373 audivimus,
2023 2336 2105 2377 quod
2124 2337 2168 2368 vi-

1211 2387 1315 2420 dimus
1338 2387 1437 2420 oculis
1460 2387 1590 2425 nostris,
1614 2386 1697 2429 quod
1721 2387 1961 2428 perspeximus,
1991 2393 2021 2421 et
2057 2399 2168 2422 manus

1211 2444 1337 2474 nostrae
1372 2444 1678 2473 contrectaverunt»
1714 2444 1792 2479 etc.;
1828 2443 1859 2473 et
1896 2441 2016 2474 loannis
2049 2442 2169 2475 decimo

1212 2503 1311 2527 nono:
1343 2493 1431 2535 «Qui
1458 2492 1534 2525 vidit
1558 2493 1768 2526 testimonium
1798 2494 1976 2536 perbibuit,
2002 2499 2033 2528 et
2057 2505 2166 2528 verum

1211 2551 1258 2580 est
1281 2545 1494 2579 testimonium
1518 2546 1595 2578 eius.
1621 2546 1657 2578 Et
1680 2546 1731 2579 ille
1755 2546 1829 2585 scit,
1847 2547 1921 2589 quia
1937 2557 2011 2580 vera
2027 2548 2116 2587 dicit,
2133 2553 2169 2581 ut

1211 2604 1242 2633 et
1265 2609 1320 2632 vos
1355 2598 1488 2632 credatis
1505 2612 1535 2630 ».
1560 2599 1595 2631 Et
1623 2599 1698 2641 quia
1734 2599 1894 2639 viderant,
1931 2601 1999 2634 ideo
2024 2602 2168 2634 testifica-

1211 2654 1341 2692 bantur;
1365 2652 1448 2685 unde
1483 2656 1514 2685 et
1548 2647 1671 2685 subdit:
1699 2653 1737 2685 Et
1765 2653 1914 2686 ministri
1935 2653 2076 2696 fuerant
2099 2665 2167 2687 ser-

1211 2706 1338 2744 monz's,·
1361 2707 1492 2738 Actuum
1518 2705 1621 2747 primo
1634 2705 1664 2738 ⁷:
1687 2719 1702 2735 α
1719 2706 1849 2748 Oportet
1865 2716 1940 2750 ergo
1956 2716 1997 2740 ex
2016 2708 2064 2740 1113
2081 2708 2167 2746 viris,

1212 2903 1272 2925 sunt
1289 2899 1359 2925 euim
1378 2898 1532 2924 donationes
1550 2901 1575 2924 et
1594 2899 1676 2931 gratia
1697 2899 1755 2930 Dei,
1775 2905 1843 2932 quae
1863 2898 1908 2924 ubi
1927 2906 1955 2924 30
1982 2899 2117 2930 infuderit,
2138 2900 2168 2925 ri-

1213 2950 1275 2976 gare
1289 2943 1437 2974 consuevit,
1458 2946 1486 2968 ut
1499 2950 1550 2968 non
1566 2946 1653 2975 egeat,
1668 2943 1714 2968 sed
1734 2943 1862 2969 redundet
1876 2943 2009 2975 scriptoris
2023 2944 2166 2975 ingenium.

1212 2988 1273 3015 Non
1292 2989 1404 3014 conatus
1424 2990 1463 3013 est
1481 2987 1648 3013 Matthaeus...
1668 2993 1724 3013 non
1746 2988 1859 3013 conatus
1877 2990 1916 3012 est
1939 2987 2033 3017 Lucas,
2059 2987 2104 3012 sed
2133 2987 2169 3012 di·

1211 3032 1274 3057 vino
1289 3031 1385 3063 Spiritu
1399 3030 1545 3057 ubertatem
1559 3031 1689 3057 dictorum
1706 3038 1848 3063 rerumque
1862 3031 1980 3056 omniurn
1994 3031 2168 3061 ministrante,

1212 3077 1266 3102 sine
1285 3076 1336 3102 ullo
1356 3076 1491 3101 molimine
1509 3079 1601 3108 coepta
1620 3076 1793 3107 complerunt.

1283 3118 1294 3134 ⁵
1313 3119 1358 3146 Ed.
1382 3121 1389 3144 1
1408 3123 1433 3145 01
1452 3120 1522 3145 Vae:
1538 3119 1624 3146 Primi
1641 3121 1783 3146 moverunt
1802 3119 1830 3145 B.
1846 3118 1947 3145 Lucam
1966 3117 2088 3152 exemplo
2107 3117 2170 3144 boni

1211 3167 1237 3191 et
1255 3164 1324 3196 reri,
1343 3163 1455 3191 secundi
1467 3165 1608 3190 moverunt
1627 3162 1685 3190 odio
1704 3162 1778 3189 omli.
1793 3163 1918 3188 Ordinarc
1940 3162 2128 3193 narrationem,
2143 3162 2170 3188 id

1211 3208 1298 3236 estad
1316 3208 1498 3235 ordimmdam
1512 3207 1705 3234 intimationem.
1726 3207 1798 3239 Quae
1812 3206 1838 3232 in
1857 3205 1933 3232 nobis
1946 3207 2090 3238 completae
2110 3212 2168 3232 sunt

1211 3260 1308 3279 rerum.
1328 3266 1364 3272 -
1382 3252 1505 3286 Sequitur
1521 3253 1588 3278 loun.
1613 3252 1638 3284 1,
1661 3251 1701 3276 Η.

1281 3295 1293 3310 ⁰
1313 3297 1386 3323 Vers.
1410 3297 1432 3322 1.
1443 3310 1479 3315 -
1493 3295 1610 3322 Subinde
1628 3295 1753 3327 allegatur
1768 3295 1834 3321 toan.
1854 3295 1899 3326 ts,
1913 3295 1956 3320 35.
1970 3294 2020 3320 Csr.
2034 3294 2168 3327 Ambros,

1211 3342 1259 3367 loc.
1279 3342 1320 3367 cit.
1341 3349 1366 3367 n.
1386 3341 1410 3366 5.

1282 3383 1292 3399 '¹
1313 3386 1388 3411 Vcrs.
1406 3385 1452 3410 21.
1468 3391 1522 3417 seq.
1542 3397 1576 3404 —
1597 3384 1719 3417 Sequitur
1739 3385 1754 3409 1.
1774 3383 1831 3410 Cor.
1853 3383 1882 3414 4,
1905 3384 1926 3408 1.
1946 3390 2000 3415 seq.
2014 3396 2049 3402 -
2063 3383 2169 3408 Inferius

1212 3437 1260 3462 pro
1274 3428 1409 3463 Apostoli,
1429 3429 1499 3462 quod
1521 3429 1540 3454 B
1550 3428 1569 3454 C
1582 3429 1717 3459 omittunt,
1731 3428 1752 3453 D
1765 3427 1897 3454 substituit
1910 3427 2006 3453 Petrus
2020 3428 2044 3453 et
2057 3426 2167 3452 Paulus.
