2476 3921
736 240 932 275 COMMENT.
957 242 995 275 ΙΝ
1018 242 1259 276 EVANGELIUM
1283 244 1400 277 LUCAE
1424 245 1456 278 C.
1482 245 1581 279 xxm.

165 334 297 363 secutae
318 340 393 363 eum
417 333 516 363 erant
531 339 554 363 a
575 330 739 369 Galilaea,
756 328 836 363 haec
852 330 1004 363 videntes.
1030 331 1067 363 Et
1082 331 1127 364 sic

159 383 322 426 impletum
347 386 395 416 est
425 383 502 416 illud
535 383 645 416 Psalmi
660 384 691 415 ¹:
721 396 737 412 «
754 383 907 426 Elongasti
933 393 952 416 a
976 393 1026 417 me
1049 384 1127 416 ami-

129 454 131 456 ·
159 446 231 470 cum
255 439 287 471 et
317 436 501 479 proximum
526 440 557 469 et
589 440 679 469 notos
702 445 788 470 meos
811 445 830 468 a
861 436 989 469 miseria
1011 449 1048 476 1>;
1074 437 1126 470 lob

159 489 280 523 decimo
304 498 403 522 nono:
432 501 448 518 α
465 489 590 528 Fratres
613 498 700 523 meos
723 489 815 531 longe
838 488 937 522 fecisti
961 499 980 522 a
1002 499 1070 530 me,
1094 493 1126 523 et

159 542 227 575 noti
248 542 309 575 mei
339 542 429 585 quasi
460 542 553 575 alieni
579 545 779 575 recesserunt
810 552 829 575 a
851 551 902 576 me
918 556 949 575 n.
983 543 1019 576 Et
1043 544 1125 576 ratio

159 595 256 629 huius
278 597 364 634 erat,
388 595 463 638 quia
486 595 549 628 iam
565 595 790 639 pauperrimus
813 598 882 628 erat
901 588 933 628 et
956 595 1123 638 despectus

158 651 190 682 et
213 648 414 688 interfectus;
440 648 684 682 proverbiorum
707 648 829 682 decimo
860 649 987 682 nono2:
1018 662 1034 678 α
1049 650 1123 682 Fra-

158 706 224 735 tres
247 701 384 735 hominis
400 701 549 744 pauperis
571 701 710 734 oderunt
726 710 815 741 eum,
836 701 967 744 insuper
984 706 1014 737 et
1030 703 1121 736 amici

157 755 226 789 eius
249 755 361 798 procul
384 754 585 788 recesserunt
608 754 648 787 ab
671 763 752 788 eo».
778 755 1002 789 Verumtamen
1027 756 1122 798 Virgo

157 809 292 852 gloriosa
315 812 346 841 et
362 808 494 841 Domina
517 812 626 841 nostra
642 811 750 841 sancta
765 808 862 841 Maria
877 818 939 841 non
960 809 1020 847 fuit
1036 809 1122 842 elon-

100 873 102 876 ·
157 865 239 906 gata,
267 871 325 895 nec
349 860 466 906 affectu
492 870 550 895 nec
573 861 651 895 situ.
675 862 751 895 Nam
775 862 892 895 dicitur
916 863 1038 896 loannis
1068 864 1122 897 de-

16 1241 131 1264 Tumulalio

9 1268 86 1291 Clu-inti
102 1268 139 1290 de-

26 1294 125 1318 scribitur

0 1321 74 1350 :quoad
86 1327 139 1349 qua-

43 1350 98 1371 tuor.

0 1667 90 1695 Dignitas
104 1673 136 1690 se-

0 1700 2 1720 l
13 1694 117 1722 polientis.

45 1774 135 1796 Nomen.

35 2199 136 2227 nignitas.

157 916 238 949 cimo
261 924 344 948 nono
360 915 391 947 ³:
422 928 438 944 «r
454 915 583 948 Stabant
598 918 704 950 autem
722 915 813 948 iuxta
828 924 954 948 crucem
973 916 1041 949 lesu
1059 917 1121 953 Ma-

157 973 206 1007 ter
222 969 290 1002 eius
306 971 337 1002 et
353 977 444 1001 soror
460 969 567 1006 Matris
590 969 659 1002 eius
675 981 707 1009 »3
724 972 755 1002 et
777 969 1045 1014 propinquissima
1061 970 1121 1003 fuit

157 1020 293 1066 affeetu;
310 1021 394 1055 unde
418 1030 516 1064 supra
531 1021 687 1055 secundo:
710 1022 838 1055 «Tuam
862 1022 961 1064 ipsius
984 1023 1120 1056 animam

157 1075 361 1118 pertransibit
380 1075 504 1118 gladius
519 1088 550 1107 ι).
575 1074 662 1108 Unde
685 1084 780 1117 quem
806 1075 838 1108 in
862 1075 1024 1109 nativitate
1047 1085 1119 1109 cum

155 1128 270 1172 gaudio
293 1128 415 1171 peperit
437 1128 470 1161 in
494 1128 637 1170 passione
661 1137 733 1161 cum
757 1128 919 1167 doloribus
940 1130 1118 1171 parturivit.

246 1182 299 1215 60.
321 1182 422 1224 (Vers.
442 1182 518 1223 50.).
547 1183 585 1214 Et
600 1191 685 1221 eece,
702 1182 757 1215 vir
779 1182 911 1215 nomine
927 1181 1043 1225 Ioseplt
1059 1186 1117 1216 etc.

158 1235 326 1278 Postquam
350 1235 547 1277 Evangelista
577 1234 744 1277 descripsit
767 1235 882 1268 Christi
914 1236 1121 1278 comprehen—

157 1289 295 1328 sionem,
319 1288 516 1328 illusionem,
540 1288 787 1327 accusationem,
811 1288 1119 1329 condemnationem,

156 1342 396 1376 crucitixionem
420 1345 452 1375 et
474 1345 627 1381 mortem,
651 1341 703 1374 hic
727 1342 851 1374 tandem
879 1342 1029 1375 describit
1051 1343 1120 1376 eius

156 1395 409 1429 tumulationem
421 1396 444 1428 ⁴.
469 1395 559 1431 Circa
587 1395 678 1428 cuius
709 1395 950 1437 descriptionem
982 1399 1120 1438 quatuor

155 1449 421 1488 introducuntur,
446 1449 564 1482 scilicet
586 1448 735 1491 diym'tas
761 1448 961 1491 sepelientis,
986 1448 1120 1482 honori-

154 1501 288 1546 ficentia
310 1502 518 1545 sepulturae,
544 1502 777 1545 opportunitas
802 1502 958 1545 temporis
978 1506 1009 1535 et
1031 1513 1119 1536 reve-

154 1556 265 1589 rentia
288 1555 471 1589 mulierum
494 1555 526 1588 in
551 1556 769 1589 tumulatione.

248 1609 351 1642 Primo
374 1608 472 1652 igitur
492 1612 648 1652 quantum
664 1609 704 1642 ad
727 1609 920 1652 diyiiz'tatem
940 1605 1121 1652 sepelientis

154 1663 242 1697 dicit:
262 1664 302 1696 Et
315 1672 399 1702 ecce,
424 1663 487 1696 vir.
505 1660 706 1696 Demonstrat
722 1661 796 1696 euin
818 1666 968 1705 tanquam
989 1663 1119 1705 dignum

154 1719 186 1750 et
208 1716 355 1750 idoneum
380 1716 419 1750 ad
443 1716 603 1750 Christum
628 1716 860 1759 sepeliendum;
882 1720 1011 1759 propter
1035 1717 1120 1759 quod

154 1769 304 1804 describit
339 1770 442 1812 ipsum
474 1780 514 1803 ea·
548 1769 702 1808 nomine,
738 1778 810 1803 cum
847 1770 942 1803 dicit:
981 1769 1121 1802 Nomine

155 1822 270 1866 Ioseph
278 1835 291 1862 ,·
314 1826 368 1863 ut,
393 1823 476 1857 sicut
500 1823 609 1865 loseph
638 1823 799 1856 Christum
831 1823 1006 1862 nutrierat,
1038 1823 1120 1857 sicut

155 1877 272 1910 dicitur
295 1876 440 1910 Matthaei
467 1876 612 1919 prim05:
643 1890 659 1905 α
682 1874 811 1918 Ioseph,
836 1876 880 1909 fili
908 1876 1024 1915 David,
1056 1876 1120 1908 noli

155 1930 267 1964 timere
290 1931 432 1973 accipere
455 1930 603 1970 Mariam,
628 1930 794 1973 coniugem
822 1933 908 1963 tuam
935 1943 950 1959 »
979 1932 1057 1968 etc.;
1089 1932 1121 1962 et

155 1984 272 2017 iterum
296 1983 449 2017 secundo:
479 1996 494 2013 α
511 1984 597 2017 Tolle
621 1993 758 2027 puerum
783 1986 815 2016 et
838 1984 967 2016 Matrem
996 1982 1065 2015 eins
1087 1994 1119 2022 »;

155 2037 200 2070 sic
223 2037 303 2070 alter
331 2036 440 2079 loseph
473 2036 624 2078 sepeliret
651 2045 723 2069 eum
748 2039 779 2069 et
810 2039 961 2078 tanquam
985 2044 1120 2077 granum

154 2089 305 2123 frumenti
329 2089 361 2123 in
384 2099 443 2123 suo
467 2090 583 2125 horreo
606 2090 788 2129 collocaret,
813 2089 895 2122 sicut
918 2089 969 2121 ille
993 2088 1118 2130 loseph,

155 2143 210 2186 qui
233 2143 408 2177 reservavit
431 2143 591 2177 frumenta
613 2143 739 2185 populis
756 2143 787 2175 in
812 2143 968 2184 Aegypto,
992 2141 1120 2174 Genesis
1156 2170 1158 2173 .

155 2196 396 2239 quadragesimo
412 2195 515 2238 primo
527 2196 550 2228 ⁶.
569 2215 610 2219 —
628 2195 783 2231 Describit
805 2204 879 2228 eum
895 2195 989 2227 etiam
1006 2203 1046 2226 ex
1069 2194 1120 2226 di-

153 2249 291 2293 9m'tate,
304 2250 426 2283 dicens:
442 2249 508 2290 Qut
522 2253 595 2282 erat
611 2249 746 2281 decurio
755 2260 767 2287 ;
779 2248 887 2281 Glossa
899 2248 930 2279 ⁷:
948 2260 963 2276 «ι
979 2247 1120 2280 Deeurio

155 2306 220 2342 est,
245 2303 299 2345 qui
323 2303 362 2336 de
385 2302 496 2335 ordine
520 2302 627 2335 curiae
652 2304 699 2334 est
724 2305 755 2334 et
778 2300 917 2334 officium
942 2300 1050 2333 curiae
1066 2299 1120 2332 ad—

155 2355 360 2389 ministrat».
387 2355 442 2388 Vel
460 2355 597 2388 decurio
612 2354 729 2387 dicitur
753 2354 806 2397 qui
824 2353 932 2386 decem
956 2355 1119 2395 praeerat,

157 2409 239 2445 sicut
260 2402 428 2448 centurio,
460 2408 514 2455 qui
540 2411 608 2441 erat
639 2417 736 2450 super
768 2410 910 2446 centum,
946 2406 1118 2442 secundum

2087 249 2151 283 583

1190 331 1268 365 illud
1293 333 1389 366 Exodi
1414 333 1534 367 decimo
1556 336 1710 369 octavo⁸:
1740 349 1756 365 α
1773 337 1860 370 Dixit
1885 337 1988 371 lethro
2004 338 2043 371 ad
2067 339 2152 380 Moy-

1190 392 1263 417 sen:
1290 385 1372 430 Elige
1397 386 1450 419 tibi
1476 387 1577 427 viros,
1610 389 1641 421 in
1670 389 1788 431 quibus
1815 390 1855 423 sit
1879 391 2012 430 veritas,
2037 395 2068 424 et
2095 392 2151 434 qui

1189 437 1313 470 oderint
1347 439 1529 479 avaritiam;
1559 444 1590 474 et
1617 442 1772 475 constitue
1801 451 1842 476 ex
1875 443 1920 476 eis
1944 444 2089 477 tribunos
2120 448 2152 477 et

1188 491 1388 525 centuriones
1405 496 1436 525 et
1451 493 1738 536 quinquagenarios
1761 499 1793 528 et
1815 496 1966 536 decanos,
1991 497 2044 539 qui
2071 496 2152 530 iudi-

1188 547 1259 576 cent
1283 545 1435 586 populum
1452 559 1482 578 n.
1502 565 1544 570 —
1563 547 1597 580 Et
1613 547 1803 581 describitur
1824 549 1917 582 etiam
1935 560 1957 582 a
1974 551 2059 589 vita,
2077 559 2150 584 cum

1187 597 1293 630 addit:
1330 598 1386 631 Vir
1422 598 1526 632 bonus
1560 605 1590 633 et
1624 601 1757 640 iustus;
1793 602 1898 635 bonus
1929 603 2083 643 interius,
2119 608 2150 638 et

1187 650 1297 683 iustus
1327 652 1492 692 exterius,
1525 654 1700 687 secundum
1736 655 1814 688 illud
1849 656 1995 690 Matthaei
2031 657 2150 691 duode-

1186 704 1310 737 cim09:
1341 718 1356 734 α
1373 705 1477 739 Bonus
1501 707 1594 740 homo
1617 707 1656 740 de
1685 708 1766 741 bono
1791 710 1942 743 thesauro
1965 711 2069 744 cordis
2099 711 2149 744 sui

1187 757 1307 799 profert
1330 757 1454 791 bonan.

1278 812 1330 844 61.
1363 812 1464 853 (Vers.
1496 814 1572 854 51.).
1609 814 1763 848 Describit
1798 825 1820 848 a
1856 816 2039 856 voluntate,
2076 826 2149 850 cum

1187 863 1310 897 subdit:
1335 865 1398 897 Hic
1421 875 1488 898 non
1511 871 1720 900 consenserat
1744 869 1880 901 consilio
1904 873 1933 901 et
1953 870 2084 902 actibus
2099 880 2149 903 eo-

1185 926 1264 949 rum
1275 929 1286 955 ;
1311 917 1394 950 unde
1411 918 1468 951 sibi
1486 919 1634 961 competit
1650 920 1729 953 bene
1752 920 1830 953 illud
1847 921 1957 954 Psalmi
1973 922 2013 954 ¹⁰:
2042 935 2058 951 α
2076 922 2150 955 Bea-

1186 973 1238 1003 tus
1262 970 1329 1009 vir,
1354 971 1408 1013 qui
1434 981 1496 1004 non
1528 972 1605 1005 abiit
1629 973 1660 1005 in
1685 974 1814 1006 consilio
1839 974 2006 1016 impiorum
2026 989 2041 1004 »
2069 979 2148 1015 etc.;

1185 1027 1216 1056 et
1239 1023 1446 1065 Hieronymus
1462 1024 1554 1064 dicit,
1579 1025 1663 1067 quod
1680 1026 1775 1068 aliqui
1801 1026 1971 1066 dixerunt,
1996 1028 2080 1070 quod
2098 1028 2150 1062 ille

1185 1076 1325 1110 Psalmus
1341 1086 1398 1119 per
1419 1078 1704 1120 appropriationem
1722 1079 1880 1121 quandam
1905 1080 1943 1113 de
1960 1081 2019 1114 isto
2039 1081 2149 1123 loseph

1183 1129 1276 1163 debet
1300 1130 1440 1173 intelligi.
1454 1149 1496 1156 —
1509 1131 1664 1165 Describit
1688 1141 1760 1165 eum
1778 1143 1800 1165 a
1817 1134 1951 1175 patria,
1969 1143 2041 1167 cum
2059 1135 2148 1167 dicit:

1184 1183 1235 1215 Ab
1252 1182 1485 1223 Arimathaea,
1503 1184 1633 1217 civitate
1650 1185 1811 1224 Iudaeae;
1828 1186 1887 1219 hoc
1903 1190 1951 1220 est
1966 1187 2046 1220 idem
2064 1188 2150 1230 quod

1184 1237 1351 1276 Ramatha,
1376 1246 1457 1279 quae
1473 1237 1532 1270 fuit
1556 1238 1665 1271 civitas
1682 1239 1851 1278 Samuelis,
1873 1240 2046 1274 secundum
2064 1242 2149 1284 quod

1183 1289 1300 1322 dicitur
1324 1290 1417 1332 primi
1436 1291 1553 1333 Regum
1572 1292 1676 1333 primo
1690 1293 1734 1324 ¹¹:
1757 1305 1772 1321 «ι
1787 1293 1856 1325 Fuit
1873 1294 1921 1326 vir
1938 1303 2022 1327 unus
2037 1295 2075 1328 de
2093 1296 2150 1328 Ra-

1183 1344 1335 1376 mathaim
1357 1344 1484 1386 Sophim
1498 1357 1528 1383 »3
1545 1345 1629 1378 unde
1645 1345 1768 1379 Glossa:
1795 1346 1891 1388 «Ipsa
1915 1351 1962 1380 est
1978 1348 2147 1388 Ramatha,

1183 1397 1293 1430 civitas
1316 1396 1466 1430 Helcanae
1489 1401 1520 1430 et
1552 1399 1705 1431 Samuelis
1724 1412 1755 1431 ι»,
1783 1418 1823 1422 ——-
1848 1400 2003 1433 Describit
2030 1410 2102 1434 eum
2127 1412 2150 1434 a

1182 1450 1262 1493 fidei
1283 1450 1456 1493 reliyz'one,
1482 1460 1554 1484 cum
1579 1451 1680 1484 addit:
1708 1452 1775 1493 Qui
1796 1453 2005 1495 exspectabat
2027 1458 2055 1486 et
2079 1455 2149 1497 ipse

1184 1513 1325 1546 requam
1363 1504 1439 1543 Dei,
1465 1504 1547 1537 sicut
1580 1505 1696 1538 dicitur
1730 1505 1769 1538 de
1801 1506 1945 1539 Simeone
1976 1516 2074 1549 supra
2102 1516 2150 1541 se-

1184 1556 1288 1589 cundo
1302 1557 1338 1596 ¹²,
1356 1557 1441 1599 quod
1462 1570 1477 1586 α
1491 1561 1559 1590 erat
1575 1561 1763 1600 exspectans
1779 1559 2020 1592 consolationem
2039 1560 2131 1593 Israel
2142 1587 2150 1599 ,

1184 1613 1215 1643 et
1239 1610 1374 1652 Spiritus
1398 1613 1526 1644 sanctus
1549 1614 1617 1644 erat
1641 1611 1672 1643 in
1697 1620 1734 1644 eo
1752 1624 1781 1643 n.

1275 1664 1326 1696 62.
1356 1664 1457 1703 (Vers.
1492 1664 1568 1705 52).
1597 1664 1752 1697 Describit
1782 1673 1855 1698 eum
1888 1675 1910 1697 a
1941 1666 2148 1705 constantia,

1184 1725 1257 1751 cum
1281 1717 1405 1750 subdit:
1430 1717 1493 1750 Hic
1517 1718 1655 1750 accessit
1678 1718 1724 1750 acl
1741 1718 1891 1750 Pilatum
1915 1722 1943 1751 et
1959 1719 2053 1761 petiit
2076 1729 2149 1751 cor-

1180 1780 1248 1813 pus
1272 1770 1367 1808 Jesu;
1388 1773 1422 1803 ,et
1446 1770 1505 1802 hoc
1527 1769 1654 1814 quidem
1679 1770 1751 1803 fecit
1775 1779 1847 1803 cum
1868 1780 1980 1812 magna
2005 1774 2149 1804 constan-

1183 1823 1241 1862 tia,
1264 1831 1327 1855 non
1351 1822 1473 1855 veritus
1496 1831 1554 1855 nec
1584 1821 1777 1855 ferocitatem
1806 1822 1968 1864 gentilium
1994 1831 2051 1861 nec
2083 1832 2149 1856 ma-

1184 1875 1357 1918 lignitatem
1375 1875 1553 1917 principum
1570 1874 1767 1907 sacerdotum
1779 1901 1786 1914 ,
1804 1875 1968 1917 quoniam,
1985 1875 2078 1908 Marci
2095 1875 2148 1909 de-

1184 1929 1266 1962 cimo
1290 1928 1401 1971 quinto
1414 1928 1457 1967 13,
1487 1941 1502 1956 «
1519 1928 1571 1960 hic
1595 1928 1744 1960 audacter
1768 1928 1896 1960 intravit
1911 1928 1950 1961 ad
1968 1928 2098 1961 Pilatum
2116 1932 2148 1962 et

1184 1981 1274 2024 petiit
1296 1989 1413 2022 corpus
1436 1980 1506 2013 lesu
1523 1994 1552 2012 n.
1578 1978 1664 2013 Unde
1689 1980 1816 2022 loseph,
1842 1981 1895 2022 qui
1921 1989 1954 2013 se
1983 1981 2073 2022 prius
2096 1990 2148 2014 oc-

1184 2034 1376 2072 cultaverat,
1401 2033 1482 2065 sicut
1505 2033 1622 2065 dicitur
1647 2033 1768 2065 loannis
1791 2032 1911 2066 decimo
1935 2042 2032 2072 nono,
2063 2034 2147 2076 quod

1189 2100 1205 2116 α
1221 2090 1290 2120 erat
1311 2086 1486 2128 discipulus
1518 2086 1603 2125 lesu,
1627 2085 1771 2118 occultus
1794 2089 1925 2128 propter
1950 2090 2071 2119 metum
2097 2087 2148 2120 lu-

1183 2141 1333 2173 daeorum
1351 2151 1386 2178 »;
1411 2139 1462 2172 hic
1482 2139 1543 2171 iam
1560 2138 1704 2180 patefecit
1727 2147 1760 2171 se
1784 2138 1898 2180 ipsum.
1916 2139 1948 2172 ln
1973 2149 2037 2182 quo
2052 2140 2147 2173 datur

1184 2192 1332 2235 intelligi,
1356 2192 1439 2234 quod
1465 2191 1609 2233 discipuli
1633 2191 1775 2225 veritatis
1802 2192 1834 2224 in
1858 2192 1993 2225 articulo
2012 2194 2148 2226 necessi-

1184 2246 1257 2278 tatis
1284 2245 1399 2278 debent
1422 2244 1632 2284 manifestari3
1657 2254 1730 2277 nam
1753 2245 1869 2278 dicitur
1887 2254 1984 2287 supra
2000 2255 2083 2278 nono
2100 2247 2146 2278 ¹⁴:

1189 2312 1204 2328 α
1221 2298 1280 2340 Qui
1304 2307 1356 2331 me
1377 2298 1544 2331 erubuerit
1567 2302 1598 2331 et
1621 2307 1707 2331 meos
1730 2307 1908 2338 sermones,
1934 2299 2019 2331 hunc
2051 2299 2146 2333 Filius

1184 2352 1320 2386 hominis
1343 2351 1525 2391 erubescet,
1550 2360 1623 2384 cum
1647 2351 1768 2384 venerit
1792 2351 1824 2383 in
1848 2352 2010 2385 maiestate
2034 2361 2092 2385 sua
2117 2356 2148 2385 et

1184 2405 1284 2438 Patris
1298 2418 1314 2434 »
1343 2408 1401 2438 etc.

861 2527 1449 2545 -x——————

229 2609 238 2625 ¹
262 2611 355 2636 Psalm.
369 2609 413 2641 87,
433 2610 475 2642 19,
495 2613 554 2642 post
567 2617 647 2643 quern
662 2609 707 2636 lob
722 2610 764 2640 19,
781 2610 822 2640 13,
836 2609 882 2636 ubi
896 2616 945 2642 pro
964 2609 1050 2643 fecisti
1062 2609 1122 2634 Vat.

157 2662 218 2681 cum
233 2654 345 2686 Vulgata
358 2653 428 2688 fecit.
443 2654 510 2679 Vide
523 2654 647 2686 Gregor.,
662 2654 731 2680 XlV.
745 2654 832 2680 llloral.
847 2661 870 2680 c.
885 2653 976 2679 39-49.
992 2660 1016 2679 n.
1032 2653 1122 2679 47-57.

229 2696 239 2712 ²
258 2698 334 2724 Vers.
352 2698 379 2723 7.

229 2739 240 2754 ³
259 2741 334 2766 Vers.
354 2740 403 2772 25,
421 2740 462 2766 cui
476 2740 644 2773 subiungitur
663 2741 726 2767 Luc.
740 2742 769 2772 2,
784 2742 827 2767 35.
847 2741 1015 2771 Damascen.,
1033 2740 1075 2766 lV.
1089 2740 1122 2766 de

158 2785 221 2811 Fide
240 2785 344 2811 orthod.
363 2792 387 2811 c.
408 2785 449 2811 14.
469 2785 495 2811 111
508 2785 574 2812 fine:
594 2786 692 2811 Verum
713 2785 789 2812 beata
803 2787 894 2812 haec...
914 2793 982 2819 quos
1001 2785 1026 2811 in
1046 2788 1122 2817 partu

159 2829 262 2856 dolores
281 2830 409 2862 effugerat
423 2829 551 2862 passionis
565 2832 685 2861 tempore
698 2830 828 2857 sustinuit.
840 2829 893 2856 Csr.
908 2831 945 2855 lll.
965 2831 1036 2855 Sent.
1054 2829 1080 2855 d.
1095 2830 1120 2855 3.

159 2880 187 2905 p.
210 2874 228 2899 l.
248 2880 272 2898 a.
292 2874 317 2899 2.
337 2880 363 2906 q.
384 2874 408 2899 3.
429 2880 486 2905 arg.
507 2873 531 2898 1.
551 2873 583 2899 ad
604 2873 718 2906 opposit.
737 2876 763 2899 et
781 2874 814 2899 ad
835 2874 860 2899 2.
880 2887 914 2892 --
933 2873 1041 2899 Inferius
1064 2875 1124 2905 post

159 2924 222 2944 cum
240 2916 380 2946 doloribus
401 2919 458 2943 vat.
478 2917 552 2944 addit
570 2917 730 2951 inuentibus.

224 2960 241 2975 “¹
260 2960 312 2987 Cfr.
333 2968 413 2993 supra
432 2969 459 2987 n.
478 2962 520 2987 53.

231 3004 242 3019 ⁶
261 3005 336 3035 Vers.
357 3005 402 3030 20.
419 3008 446 3030 et
464 3005 561 3031 deinde
581 3006 610 3036 2,
631 3005 672 3031 20.

231 3048 243 3063 ³
262 3050 338 3075 Vera.
357 3049 399 3075 35.

232 3092 241 3107 ⁷
260 3089 366 3119 Scilicet
384 3092 566 3119 interlinearis
587 3093 627 3125 (ex
647 3093 738 3126 Beda).

231 3133 241 3151 Β
261 3137 335 3163 Vers.
355 3138 398 3162 2l.
417 3143 473 3170 seq.
493 3137 544 3163 Csr.
563 3144 642 3169 supra
663 3144 686 3163 c.
705 3137 732 3163 7.
753 3145 778 3163 n.
799 3138 822 3163 3.

232 3179 244 3195 ⁹
263 3181 337 3207 Vers.
358 3181 402 3206 35.

234 3224 256 3240 ¹⁰
276 3226 369 3251 Psalm.
390 3226 414 3258 1,
436 3226 460 3251 1.
479 3240 513 3244 -
531 3225 650 3257 Hierum,
669 3226 712 3252 lv.
738 3225 885 3252 Comment.
914 3226 939 3251 in
967 3224 1056 3251 Matth.
1075 3224 1124 3256 27,

163 3270 206 3295 57.
225 3277 294 3303 scq.:
313 3271 339 3296 ln
359 3270 409 3296 alio
436 3268 601 3302 Evangelista
625 3269 717 3304 [Marc.
738 3269 785 3302 l5,
805 3270 848 3296 43.
867 3272 893 3295 et
911 3270 974 3295 Luc.
999 3270 1048 3300 23,
1073 3269 1123 3294 50:

164 3313 304 3354 ssouxeuriffi
322 3313 458 3351 ὑπάρχων]
477 3315 568 3347 loseph
583 3314 629 3340 iste
637 3313 784 3347 βουλευτής
796 3315 955 3347 appellatur,
975 3314 1001 3339 id
1014 3316 1054 3347 est
1066 3320 1125 3340 con-

163 3357 299 3390 siliarius,
326 3361 352 3384 et
375 3358 408 3384 de
433 3358 490 3390 ipso
517 3358 626 3391 quidam
652 3361 745 3391 putant
767 3358 885 3390 primum
906 3358 1039 3384 psalmum
1068 3364 1126 3383 csse

164 3403 355 3435 compositum:
375 3402 472 3429 Beatus
491 3402 534 3429 vir
554 3405 605 3430 etc.

1258 2607 1280 2622 ¹¹
1302 2608 1375 2633 Vers.
1398 2606 1572 2632 ⁷l.—Glossa
1592 2613 1647 2638 seq.
1667 2607 1706 2631 est
1719 2605 1902 2632 interlinearis
1923 2605 1963 2637 (ex
1983 2606 2073 2638 Beda).
2093 2601 2150 2631 Hie-

1187 2658 1257 2683 ron.,
1278 2651 1312 2677 de
1331 2651 1385 2676 Situ
1404 2654 1430 2676 et
1448 2649 1574 2676 nominib.
1594 2650 1673 2675 locor.
1693 2648 1828 2679 Hebraic„
1848 2649 1882 2674 de
1901 2649 2052 2680 Regnorum
2068 2649 2144 2682 libr.:

1191 2705 1203 2719 α
1217 2694 1377 2722 Armathem
1395 2694 1521 2728 Sophim,
1542 2694 1633 2720 civitas
1652 2694 1779 2718 Helcanae
1799 2696 1824 2718 et
1844 2693 1970 2718 Samuelis
1991 2693 2028 2725 (in
2041 2693 2148 2724 regione

1188 2740 1378 2771 Tliamnitica),
1406 2739 1476 2764 iuxta
1496 2738 1654 2770 Diospolim,
1674 2737 1751 2775 unde
1765 2737 1812 2762 suit
1831 2738 1938 2769 loseph,
1958 2737 2004 2769 qui
2023 2737 2048 2762 in
2068 2737 2149 2762 Evan-

1188 2784 1262 2816 geliis
1281 2784 1314 2810 de
1327 2783 1481 2810 Arimsstltz‘a
1494 2783 1616 2809 scribitur
1630 2792 1653 2807 ι.
1668 2782 1725 2806 Vat.
1741 2780 1920 2811 Ramathaim,
1934 2781 1981 2806 sed
1995 2781 2074 2806 codd.
2087 2787 2148 2806 cum

1187 2828 1277 2853 Glossa
1297 2826 1440 2853 Ramatlta.
1459 2826 1510 2852 Csr.
1530 2830 1593 2851 tom.
1613 2826 1655 2850 Vl.
1675 2831 1736 2856 pag.
1756 2825 1822 2855 502,
1842 2828 1902 2850 nota
1923 2825 1948 2849 8.
1966 2838 2001 2843 —
2021 2824 2148 2856 Superius

1187 2871 1299 2897 vocibus
1317 2871 1410 2898 civitas
1430 2869 1566 2898 Samuelis
1585 2869 1604 2896 C
1615 2869 1667 2894 DH
1687 2869 1842 2894 interserunt
1860 2867 1954 2894 sancti.

1260 2915 1282 2930 ¹²
1326 2922 1377 2941 ers,
1399 2916 1442 2940 25.

1260 2958 1282 2973 ²³
1302 2916 1377 2984 gers.
1397 2958 1440 2983 43.
1452 2972 1487 2977 —
1500 2958 1622 2990 Sequitur
1642 2958 1708 2982 loan.
1730 2957 1778 2987 19,
1793 2957 1834 2982 38.
1847 2955 1983 2988 Amin-os,
1997 2957 2030 2981 X.
2044 2956 2070 2981 in
2082 2956 2149 2981 Luc.

1189 3010 1211 3029 c.
1231 3003 1274 3028 23.
1294 3010 1318 3028 n.
1339 3002 1408 3027 438:
1428 3002 1465 3027 De
1484 3003 1533 3027 hoc
1558 3002 1651 3033 loseph
1680 3001 1705 3025 in
1735 3001 1828 3026 loanne
1856 3000 1911 3025 solo
1931 3000 2050 3032 invenio,
2075 2997 2151 3032 quod'

1188 3048 1305 3073 occultus
1324 3046 1425 3076 venerit
1444 3046 1477 3071 ad
1497 3046 1605 3071 Pilatum
1625 3048 1733 3077 propter
1762 3048 1861 3070 metum
1890 3045 2150 3077 ludaeorum.‘Quo·

1189 3092 1268 3117 modo
1289 3091 1371 3116 iustus
1390 3089 1515 3115 latebram
1542 3089 1650 3121 periculi
1679 3089 1772 3114 timore
1797 3089 1947 3121 quaesivit?
1976 3089 2031 3120 Ego
2059 3092 2147 3114 autem

1188 3138 1267 3168 puto,
1286 3135 1358 3168 quod
1378 3134 1437 3159 ideo
1457 3134 1558 3163 occulte
1577 3133 1692 3165 petierit,
1713 3136 1740 3158 ut
1759 3139 1856 3164 corpus
1875 3133 2039 3164 impetraret,
2053 3139 2106 3158 non
2120 3136 2148 3158 ut

1189 3180 1336 3213 periculum
1355 3182 1487 3205 caveret...
1509 3178 1576 3203 Veni
1592 3181 1617 3203 et
1636 3180 1680 3208 tu;
1702 3178 1744 3202 vel
1763 3184 1836 3208 sero,
1855 3178 1897 3202 vel
1917 3180 2006 3209 nocte,
2025 3177 2067 3203 vel
2087 3184 2150 3210 qua-

1189 3230 1304 3256 cumque
1332 3224 1395 3248 hora
1424 3222 1541 3252 veneris,
1561 3221 1678 3247 invenies
1697 3221 1781 3247 lesum
1802 3221 1834 3246 ad
1855 3221 2052 3253 suscipiendum
2073 3228 2150 3253 para-

1190 3271 1245 3293 tum
1265 3270 1313 3292 etc.
1334 3266 1400 3292 Vide
1421 3266 1445 3291 S.
1466 3266 1577 3295 Bonav.‚
1597 3264 1745 3291 Comment.
1765 3265 1790 3290 in
1809 3263 1878 3290 loen.
1898 3272 1921 3290 c.
1936 3265 1979 3290 19.
1992 3272 2016 3290 11.
2031 3265 2076 3290 66.
2089 3271 2147 3298 seq.

1262 3310 1283 3325 ¹⁴
1303 3311 1377 3336 Vers.
1398 3311 1442 3336 26.
1460 3309 1511 3336 Cfr.
1532 3309 1679 3341 chrysost„
1699 3309 1794 3334 Honiil.
1809 3309 1852 3334 88.
1866 3309 1940 3341 (alias
1953 3310 2008 3343 89.)
2022 3309 2046 3335 in
2061 3310 2148 3335 Matth.

1190 3364 1215 3382 n.
1235 3357 1266 3387 2,
1285 3359 1310 3381 et
1329 3356 1418 3381 Glossa
1438 3353 1580 3381 ordinaria
1601 3354 1626 3379 in
1646 3354 1734 3379 lilatth.
1753 3353 1800 3385 27,
1820 3353 1868 3384 57,
1891 3353 1937 3379 ubi
1967 3354 2090 3380 tortitudo
2111 3355 2150 3380 lo·

1190 3402 1255 3434 seph
1275 3401 1404 3426 laudatur.
1424 3413 1459 3418 —
1478 3400 1527 3425 Pro
1546 3398 1574 3425 in
1593 3397 1709 3425 articulo
1730 3397 1780 3424 AC
1792 3398 1813 3424 D
1832 3397 1861 3424 in
1879 3397 1983 3425 occ-ulto
2004 3400 2132 3432 tempore.

2171 560 2228 581 Vita.

2169 825 2277 847 Voluntu

2169 1143 2249 1165 Patria.

2169 1409 2230 1439 Fidei
2244 1410 2293 1431 reli-

2205 1443 2246 1463 glo.

2168 1674 2301 1696 Constantia.
