2476 3921
302 266 362 297 176

300 362 349 385 1110
372 353 444 385 fecit
467 352 619 384 Dominus
650 351 681 382 in
710 354 795 383 terra
819 350 1013 392 paupertatis
1044 359 1132 383 meae
1156 364 1186 382 n.
1215 369 1259 374 —

199 414 279 435 Tertia.
299 405 420 443 Tertio,
453 407 581 446 propter
605 402 814 445 affluentiam
843 403 1064 435 iucunditatis
1089 403 1258 440 internae,-

299 458 393 491 Isaiae
410 457 559 499 vigesimo
583 465 665 488 nono
679 457 705 487 1;
728 469 743 484 «
758 456 913 497 pauperes
930 456 1072 489 homines
1095 456 1127 488 in
1151 459 1258 489 sancto

299 511 392 543 lsrael
416 509 622 542 exsultabunt
637 521 673 548 »3
698 512 729 541 et
753 509 784 541 in
817 509 954 541 Psalmo:
985 522 999 537 α
1018 509 1258 551 Videant·pau-

299 571 389 604 peres
412 565 443 595 et
474 562 643 600 laetentur;
668 562 810 604 quaerite
841 562 960 600 Deum,
985 565 1016 593 et
1044 562 1127 594 vivet
1155 562 1258 594 anima

192 625 277 650 Quarta-
299 620 402 648 vestra
415 629 444 646 ι».
459 634 502 638 —
514 615 647 656 Quarto,
669 619 799 657 propter
816 614 947 656 copiam
963 614 1169 646 abundantis
1184 613 1258 657 suf-

296 669 478 710 ficientiae;
501 668 615 700 Tobiae
639 668 750 709 quinto
764 668 794 700 2:
826 680 841 695 «
858 667 1038 700 Sufficiebat
1062 667 1152 699 nobis
1180 676 1258 708 pau-,

297 725 402 764 pertas
425 725 532 754 nostra
549 735 564 750 »
586 724 660 760 etc.;
684 724 715 753 et
739 721 854 754 iterum
877 720 1120 753 Proverbiorum
1140 720 1258 753 duode-

297 775 393 807 cimo:
423 774 562 806 «Melior
594 777 641 806 est
673 782 793 815 pauper
825 777 856 806 et
879 773 1039 806 sufficiens
1070 774 1129 806 sibi
1161 783 1257 815 quam

297 828 451 869 gloriosus
474 831 505 859 et
528 827 670 869 indigens
694 836 772 869 pane
790 839 824 865 »;
849 830 1023 869 quocontra
1052 826 1257 860 Ecclesiastici

296 880 416 913 decimo
447 882 582 921 quarto:
620 893 635 907 «
665 879 848 912 Insatiabilis
879 879 992 911 oculus
1023 879 1126 921 cupidi
1155 892 1185 911 ».
1216 898 1257 902 —

191 939 276 966 Quinta.
296 933 428 974 Quinto,
458 936 587 974 propter
616 932 802 964 custodiam
828 932 1042 974 protectionis
1072 942 1238 974 supernae
1246 944 1258 970 ,-

297 985 538 1018 Proverbiorum
560 985 709 1026 vigesimo
725 985 863 1018 secundo
875 985 902 1016 ³:
932 998 946 1012 u
960 985 1003 1017 Ne
1026 985 1121 1017 facias
1140 985 1258 1017 violen-

296 1038 370 1072 tiam
395 1038 544 1079 pauperi,
568 1037 643 1079 quia
666 1046 786 1079 pauper
810 1040 874 1076 est,
900 1046 1003 1079 neque
1018 1041 1164 1070 conteras
1187 1046 1258 1079 ege-

296 1100 373 1123 num
398 1091 429 1123 in
454 1093 559 1132 porta,
584 1090 658 1132 quia
682 1090 835 1122 Dominus
858 1090 1009 1122 iudicabit
1032 1099 1157 1122 causam
1190 1090 1259 1123 eius

296 1147 327 1176 et
350 1143 484 1185 configet
507 1152 561 1176 eos
584 1143 639 1185 qui
664 1143 867 1176 confixerunt
890 1152 963 1175 eum
990 1155 1028 1179 »ς
1054 1143 1105 1175 Iob
1129 1143 1257 1185 quinto:

301 1209 316 1225 «
333 1197 460 1228 Salvum
484 1196 575 1229 saciet
599 1205 733 1238 egenum
757 1205 775 1228 a
803 1195 904 1237 gladio
936 1196 1000 1228 oris
1024 1205 1135 1228 eorum
1160 1200 1190 1228 et
1221 1196 1260 1228 de

295 1258 391 1281 manu
416 1249 541 1282 violenti
567 1257 739 1291 pauperem
757 1261 792 1287 »3
817 1252 848 1280 et
866 1249 1022 1281 Psalmus:
1053 1261 1068 1276 «
1086 1249 1197 1281 Factus
1213 1252 1261 1281 est

296 1303 447 1335 Dominus
471 1302 628 1345 refugium
652 1302 802 1344 pauperi,
826 1301 951 1334 adiutor
978 1302 1010 1334 in
1042 1302 1260 1344 opportunita-

296 1357 397 1395 tibus,
423 1356 453 1389 in
479 1356 680 1389 tribulatione
697 1369 726 1387 ».

383 1409 436 1442 43.
461 1409 575 1447 Sexto,
600 1412 729 1450 propter
760 1401 1032 1449 complacentiam
1064 1409 1259 1450 acceptatio-

203 1471 275 1492 sexta.
297 1462 348 1495 nis
372 1462 523 1500 divinae,-
548 1461 641 1494 Isaiae
667 1461 820 1494 ultimo4:
851 1474 865 1489 «
887 1461 929 1493 Ad
964 1470 1059 1502 quem
1092 1461 1258 1503 respiciam

296 1517 355 1549 nisi
379 1516 417 1549 ad
441 1516 672 1558 pauperculum
696 1529 711 1544 »
740 1519 815 1554 etc.;
840 1518 871 1548 et
902 1515 933 1547 in
959 1514 1098 1547 Psalmo:
1129 1528 1144 1542 «
1168 1514 1258 1547 Oculi

295 1570 364 1603 eius
387 1570 418 1602 in
442 1578 613 1611 pauperem
639 1569 859 1610 respiciunt»;
883 1572 914 1601 et
940 1568 1143 1600 Ecclesiastici
1160 1567 1259 1600 unde-

296 1623 393 1655 cimo:
425 1635 440 1650 «
457 1622 508 1655 Est
532 1623 625 1654 homo
651 1621 810 1654 marcidus
831 1633 866 1659 1>;
896 1634 910 1649 α
936 1624 967 1653 01
994 1620 1158 1653 abundans
1182 1629 1259 1662 pau-

296 1679 431 1718 pertate,
455 1678 487 1708 et
509 1675 620 1707 oculus
637 1674 691 1706 Dei
716 1674 857 1715 respexit
881 1674 969 1706 illum
994 1673 1025 1705 in
1043 1673 1124 1705 bono
1148 1676 1259 1705 01010-

175 1735 277 1762 Septima-
297 1730 345 1761 xit
368 1738 440 1761 eum
465 1728 505 1760 ab
529 1727 706 1762 humilitate
730 1727 875 1768 ipsius».
893 1745 937 1751 —
954 1726 1106 1767 Septimo,
1130 1729 1260 1768 propter

296 1780 619 1814 condescendenttam
630 1780 765 1822 pietatis
778 1784 956 1821 patmum,-
970 1779 1110 1812 Psalmus
1122 1779 1149 1811 ⁵:
1172 1792 1187 1808 «
1200 1779 1260 1812 Iste

297 1843 416 1877 pauper
441 1833 603 1872 clamavit,
628 1836 659 1866 et
683 1833 835 1866 Dominus
859 1832 1022 1866 exaudivit
1045 1841 1117 1865 eum
1142 1845 1177 1872 »3
1203 1833 1259 1865 ite-

297 1896 384 1919 rum:
407 1899 422 1914 «
436 1886 564 1927 Propter
589 1885 746 1918 miseriam
771 1886 900 1927 inopum
919 1888 950 1918 et
972 1885 1124 1927 gemitum
1146 1894 1260 1927 paupe-

297 1950 368 1973 rum
393 1948 477 1972 nunc
500 1948 671 1981 exsurgam
689 1951 723 1978 »3
748 1942 779 1971 et
800 1948 927 1971 rursus:
963 1951 978 1967 α
997 1938 1103 1971 Parcet
1127 1939 1258 1981 pauperi

191 2000 276 2021 Octava·
297 1998 327 2027 et
351 1994 433 2035 inopi
452 2007 481 2025 ».
501 2012 540 2016 -
566 1992 696 2031 Octavo,
722 1995 851 2034 propter
875 1992 1087 2025 eminentiam
1111 1992 1259 2025 auctori-

296 2048 373 2080 tatis
397 2046 600 2079 iudiciariae
608 2058 618 2084 ,·
643 2045 695 2078 lob
720 2042 880 2087 trigesimo
904 2045 1038 2078 sexto⁶:
1069 2058 1084 2074 «
1101 2045 1167 2078 Non
1199 2045 1258 2078 sal-

295 2103 347 2132 vat
369 2099 502 2141 impium
530 2101 562 2131 et
584 2098 735 2131 iudicium
764 2098 958 2140 pauperibus
982 2097 1094 2130 tribuit
1115 2110 1149 2136 »3
1183 2098 1259 2130 Mat-

294 2153 377 2186 thaei
408 2152 529 2185 decimo
558 2160 662 2183 nono:
700 2164 716 2179 «
744 2151 822 2189 Vos,
854 2150 908 2192 qui
935 2150 1107 2192 reliquistis
1134 2151 1258 2189 omnia,

207 2211 273 2233 Nona·
295 2205 442 2238 sedebitis
464 2212 560 2245 super
592 2203 680 2236 sedes
701 2216 716 2231 »
746 2206 804 2235 etc.
835 2221 876 2226 —
901 2203 1006 2241 Nono,
1035 2206 1164 2244 propter
1194 2203 1258 2235 evi-

295 2258 440 2291 dentiam
460 2255 674 2299 perfectionis
697 2255 873 2298 probatae,·
897 2255 991 2288 Isaiae
1016 2255 1257 2297 quadragesimo

295 2310 447 2344 octav0⁷:
477 2322 492 2338 ιι
510 2309 594 2351 Elegi
618 2312 647 2341 te
671 2308 702 2340 111
727 2308 850 2340 camino
866 2308 1061 2350 paupertatis
1073 2320 1108 2347 »3
1133 2311 1164 2341 et
1180 2308 1258 2351 Apo-

295 2363 428 2406 calypsis
452 2362 605 2395 secundo:
635 2375 651 2390 «
669 2361 737 2394 Scio
761 2361 994 2394 tribulationem
1021 2364 1107 2393 tuam
1124 2365 1155 2394 et
1180 2371 1257 2403 pau-

295 2409 447 2459 pertatem
475 2418 578 2454 tuam,
606 2414 660 2448 sed
686 2414 915 2456 blasphemaris
933 2414 973 2446 ab
1002 2414 1050 2447 his
1078 2414 1132 2456 qui
1155 2423 1189 2447 se
1212 2414 1259 2447 di-

295 2474 371 2504 cunt
394 2469 535 2508 Iudaeos,
560 2471 591 2501 01
611 2477 673 2500 11011
701 2470 790 2506 sunt,
815 2467 869 2500 sed
897 2471 971 2500 sunt
999 2476 1156 2510 synagoga
1177 2471 1259 2501 sata—

181 2528 276 2551 necima.
296 2532 382 2556 nae»
412 2525 469 2554 etc.
494 2540 539 2545 -—
561 2521 705 2559 Decimo,
730 2523 860 2562 propter
888 2520 1109 2553 exceltentiam
1134 2521 1259 2563 rectilis

294 2575 555 2619 praesidentiae;
580 2573 679 2606 lacobi
698 2574 835 2606 secundo
848 2573 875 2604 ⁸:
906 2586 920 2601 «
936 2573 1042 2605 Nonne
1065 2573 1150 2606 Deus
1165 2574 1259 2616 elegit

296 2637 450 2672 pauperes
474 2628 505 2660 in
529 2627 589 2660 hoc
616 2626 733 2659 mundo
758 2626 889 2659 heredes
914 2626 1019 2668 regni,
1044 2626 1129 2668 quod
1153 2635 1260 2668 repro-

296 2682 380 2715 misit
396 2681 479 2713 Deus
501 2679 704 2722 diligentibus
720 2688 753 2711 se
770 2692 784 2707 »
799 2682 812 2710 ’ἰ
832 2679 976 2711 Matthaei
994 2679 1119 2720 quinto:
1141 2692 1157 2708 α
1174 2679 1258 2712 Beati

296 2742 451 2776 pauperes
475 2733 603 2775 spiritu,
628 2732 776 2773 quoniam
802 2731 943 2773 ipsorum
969 2734 1016 2763 est
1040 2740 1173 2773 regnum
1190 2741 1259 2765 cae-

296 2787 401 2819 lorum
419 2799 448 2817 ».
466 2803 508 2809 -
526 2785 556 2817 Si
581 2784 677 2826 igitur
701 2784 973 2825 despectissimum
997 2787 1044 2816 est
1066 2793 1165 2826 genus
1186 2793 1260 2826 pau-

299 2847 410 2881 perum
435 2842 465 2871 et
488 2837 787 2871 excellentissimum
812 2845 911 2878 genus
934 2836 1082 2875 divitum,
1106 2838 1260 2870 excellen—

370 3011 377 3025 ¹
399 3011 473 3036 Vers.
497 3010 535 3035 19.
555 3023 589 3029 -
608 3009 726 3035 Subinde
750 3010 876 3041 allegatur
894 3010 935 3035 Ps.
955 3010 1002 3041 68,
1023 3010 1065 3036 33.

368 3054 379 3069 ‘¹
402 3055 473 3080 Vers.
497 3055 539 3080 25.
559 3069 591 3072 —
612 3055 669 3079 Duo
689 3061 763 3087 seqq.
782 3054 829 3079 loci
848 3057 909 3079 sunt
928 3054 1003 3079 Prov.
1025 3055 1072 3085 12,
1092 3055 1117 3079 9.
1136 3057 1161 3079 et
1181 3050 1257 3080 E'ecli.

300 3099 347 3130 14,
367 3100 392 3125 9.

369 3141 379 3157 ²³
402 3144 475 3168 Vers.
495 3144 537 3168 22.
557 3146 582 3168 et
601 3143 642 3168 23.
661 3156 696 3161 —
715 3144 867 3175 Sequuntur
880 3141 924 3167 lob
944 3142 974 3174 5,
998 3143 1035 3168 15.
1056 3145 1081 3168 et
1100 3143 1141 3168 Ps.
1160 3143 1191 3173 9,
1213 3142 1254 3168 10.

369 3187 380 3201 ⁴
401 3188 473 3213 Vers.
494 3189 524 3218 2,
544 3190 603 3219 post
621 3194 701 3220 quem
721 3188 761 3212 Ps.
776 3187 818 3217 10,
838 3187 867 3217 53
889 3187 964 3212 Eccli.
980 3187 1027 3218 11,
1048 3188 1088 3212 12.
1105 3190 1131 3213 et
1152 3187 1197 3218 13,
1211 3187 1256 3212 ubi

299 3238 347 3263 pro
366 3231 393 3257 in
413 3230 480 3257 bono
499 3230 580 3257 CDG
600 3230 628 3256 in
648 3229 747 3256 benum
767 3230 962 3263 (Septuagintm
981 3229 1009 3255 in
1028 3229 1118 3259 bona).

370 3274 381 3288 Β
400 3275 492 3300 Psalm.
512 3275 559 3305 33,
586 3275 617 3305 75
636 3274 731 3300 deinde
755 3275 795 3300 ΡΒ.
823 3275 863 3306 11,
889 3275 912 3298 6.
933 3278 958 3299 et
982 3274 1028 3307 71,
1049 3275 1092 3300 13.
1114 3288 1151 3294 -
1175 3275 1258 3306 Supe-

300 3319 354 3345 rius
373 3318 482 3344 vocibus
499 3318 605 3352 pietatis
621 3319 753 3351 patanae
772 3318 831 3343 Vat.
850 3318 978 3343 interserit
996 3324 1143 3351 supernae,
1163 3317 1192 3344 id
1210 3319 1257 3344 est.

370 3361 381 3377 θ
401 3363 475 3388 Vers.
495 3363 518 3387 6.
540 3377 572 3380 -
591 3362 713 3395 Sequitur
733 3363 819 3388 Matth.
840 3363 886 3393 19,
906 3363 948 3388 28.

370 3405 380 3419 ⁷
402 3407 474 3432 Vors.
496 3406 535 3431 10,
556 3409 581 3431 et
600 3407 679 3438 Apoc.
700 3407 730 3436 2,
751 3406 774 3430 9.
795 3413 849 3439 seq.

891 261 1085 294 COMMENT.
1110 263 1146 295 IN
1170 262 1408 295 EVANGELIUM
1434 262 1551 295 LUCAE
1575 263 1606 295 C.
1632 263 1683 295 VII

1323 350 1479 383 tissimum
1511 351 1701 383 miraculum
1732 355 1797 389 est,
1829 350 1914 392 quod
1945 360 2100 392 pauperes
2131 355 2167 384 ut
2195 361 2285 394 reges

1322 404 1587 446 evangelizantur.

1411 456 1464 489 [ιίι.
1490 457 1591 498 (Vers.
1610 456 1688 497 23).
1706 457 1866 489 Postremo
1881 459 1987 489 autem
2012 456 2180 498 respondet
2200 457 2284 490 omni
2301 433 2430 492 Respondet}

1322 509 1573 548 contradicenti,
1598 509 1832 552 comprimendo
1856 509 1971 542 iudicia
1995 510 2179 548 temeraria,
2204 518 2286 551 quae

1322 562 1529 604 praecipitant
1546 563 1690 595 homines
1706 563 1737 595 in
1750 562 1875 595 diversa
1891 561 2043 594 scandala.
2059 562 2188 603 Propter
2201 562 2286 603 quod

1322 613 1477 656 adiungit:
1505 615 1543 646 Et
1567 614 1697 653 beatus,
1722 615 1781 658 qai
1793 614 1805 633 ⁹
1822 624 1888 646 non
1904 612 2007 656 fuerit
2027 613 2285 646 scandalizatus

1323 667 1359 699 in
1382 677 1451 706 me,
1477 667 1507 700 id
1526 671 1591 706 est,
1616 668 1749 709 quinon
1774 667 1960 700 iudIcaverit
1975 676 2026 700 me
2050 667 2210 700 hominem
2228 677 2285 709 pu-

1323 728 1396 752 rum
1419 723 1450 752 et
1474 729 1536 752 non
1558 720 1673 758 Deum,
1701 720 1732 752 in
1753 720 2001 753 consideratione
2028 719 2219 752 infirmitatis
2238 728 2286 752 as-

1323 774 1460 810 sumtae;
1485 771 1570 813 quod
1594 772 1720 813 quidem
1745 775 1813 804 erat
1830 772 1919 804 valde
1942 771 2082 810 difficile,
2107 771 2204 804 immo
2228 771 2287 804 im-

1322 824 1470 866 possibile
1486 834 1546 857 non
1564 824 1719 863 credenti:
1737 824 1821 857 unde
1837 825 1957 866 primae
1977 824 2015 856 ad
2032 824 2210 857 Corinthios
2226 824 2289 866 pri-

1323 886 1376 909 mo
1390 877 1434 909 ¹⁰:
1457 890 1472 905 «
1490 877 1551 910 Nos
1575 877 1794 919 praedicamus
1816 877 1977 910 Christum
2002 877 2213 916 crucifixum,
2239 877 2289 910 lu-

1322 930 1407 963 daeis
1424 930 1551 972 quidem
1572 930 1768 969 scandalum,
1786 930 1933 972 gentibus
1952 932 2058 962 autem
2079 930 2243 962 stultitiam
2257 943 2287 962 n.

1323 983 1383 1016 Sed
1411 983 1539 1025 quidam
1567 984 1763 1016 scandalizati
1782 987 1856 1016 sunt
1880 987 2010 1025 propter
2038 983 2287 1024 infirmitatem,

1323 1036 1405 1069 sicut
1425 1036 1584 1079 discipuli;
1609 1037 1753 1069 Matthaei
1781 1036 1929 1078 vigesimo
1953 1038 2058 1069 sexto:
2089 1035 2233 1069 «Omnes
2256 1036 2288 1068 in

1323 1098 1374 1121 me
1396 1089 1579 1122 scandalum
1603 1089 1762 1131 patiemini
1788 1089 1819 1121 in
1844 1092 1934 1122 nocte
1958 1089 2017 1122 ista
2033 1101 2063 1128 »;
2089 1089 2216 1131 quidam
2236 1099 2290 1122 au-

1324 1144 1387 1174 tem
1404 1150 1445 1173 ex
1460 1141 1681 1187 malignitate,
1699 1142 1781 1174 sicut
1797 1142 1919 1175 scribae
1939 1146 1970 1174 et
1987 1142 2159 1180 Pharisaei,
2177 1151 2288 1175 secun-

1323 1193 1401 1225 dum
1418 1193 1495 1226 illud
1519 1194 1664 1227 Matthaei
1682 1194 1803 1227 decimo
1819 1195 1945 1236 quinto:
1969 1208 1984 1223 a
1997 1194 2101 1233 Scitis,
2119 1194 2194 1237 quia
2215 1194 2289 1227 Pha—

1325 1246 1435 1285 risaei,
1460 1246 1567 1279 audito
1592 1247 1651 1280 hoc
1678 1247 1789 1286 verbo,
1814 1247 2012 1280 scandalizati
2037 1251 2112 1280 sunt
2136 1250 2179 1279 n?
2202 1247 2289 1281 Unde

1324 1301 1470 1342 generale
1500 1300 1723 1333 documentum
1756 1304 1804 1333 est
1838 1301 1897 1333 hoc
1930 1301 2077 1334 omnibus
2112 1301 2289 1334 volentibus

1324 1362 1415 1386 nosse
1447 1353 1628 1392 Christum,
1660 1357 1696 1385 ut
1727 1357 1857 1395 propter
1888 1354 2032 1393 infirma,
2064 1363 2146 1396 quae
2178 1363 2289 1396 passus

1324 1409 1385 1445 est,
1411 1415 1472 1438 non
1498 1406 1663 1439 incurrant
1680 1406 1876 1445 scandalum,
1900 1407 2075 1440 secundum
2092 1407 2169 1440 illud
2195 1407 2289 1440 Isaiae

1323 1460 1485 1492 octavoss:
1514 1472 1529 1487 «
1543 1459 1712 1492 Dominum
1736 1460 1937 1492 exercituum
1956 1460 2059 1502 ipsum
2078 1460 2288 1499 sanctificate,

1323 1516 1355 1546 et
1378 1513 1439 1545 erit
1463 1513 1550 1545 vobis
1574 1513 1605 1545 in
1638 1513 1932 1551 sanctificationem;
1957 1513 1988 1546 in
2022 1513 2154 1555 lapidem
2183 1516 2288 1546 autem

1323 1565 1503 1598 offensionis
1533 1569 1564 1597 et
1594 1566 1624 1598 in
1659 1569 1781 1607 petram
1816 1566 1952 1598 scandali
1984 1566 2109 1599 duabus
2143 1566 2289 1599 domibus

1324 1617 1418 1650 lsrael
1442 1621 1474 1649 et
1498 1617 1528 1649 in
1546 1617 1672 1649 ruinam
1696 1618 1911 1650 habitantibus
1928 1618 2096 1651 Ierusalem
2114 1632 2143 1650 ι).
2170 1618 2205 1650 Et
2221 1618 2289 1651 ideo

1324 1672 1409 1701 recte
1433 1669 1525 1701 talem
1550 1673 1639 1701 vocat
1664 1669 1813 1707 beatum,
1838 1669 1914 1711 quia
1937 1670 2014 1702 vitat
2038 1670 2215 1711 periculum
2239 1679 2288 1702 er-

1325 1722 1407 1754 roris
1431 1725 1462 1755 et
1485 1722 1630 1764 pervenit
1661 1722 1699 1754 ad
1731 1722 1833 1755 lucem
1865 1722 2023 1761 veritatis,
2056 1722 2137 1755 sicut
2161 1723 2289 1762 Petrus,

1324 1775 1374 1808 cui
1398 1775 1514 1807 dicitur
1538 1775 1684 1807 Matthaei
1708 1775 1829 1808 decimo
1852 1778 1943 1808 sexto
1957 1776 2000 1806 ²²:
2025 1788 2040 1804 «
2056 1775 2168 1808 Beatus
2184 1784 2228 1814 es,
2245 1775 2290 1808 Si-

1323 1838 1397 1861 mon
1430 1825 1579 1867 Baricha,
1612 1829 1688 1870 quia
1719 1837 1793 1861 caro
1825 1832 1856 1861 et
1887 1828 2015 1871 sanguis
2046 1838 2108 1861 non
2140 1828 2291 1861 revelavit

1324 1881 1379 1914 tibi
1397 1894 1413 1910 n
1442 1884 1500 1914 etc.
1983 1880 1986 1882 ’

1413 1935 1466 1967 [15.
1493 1935 1723 1977 Spiritaaliter
1748 1935 1798 1968 hic
1827 1939 1918 1974 nota,
1943 1935 2027 1977 quod
2052 1944 2094 1968 ex
2126 1935 2289 1968 curatione

1323 1988 1510 2021 morborum
1543 1988 1793 2030 praesentialiter
1825 1988 1968 2021 exhibita
2000 1988 2187 2031 intelligitur
2218 1997 2290 2030 per-

1323 2042 1402 2074 fecta
1427 2041 1550 2074 curatio
1573 2041 1613 2074 ab
1638 2041 1818 2084 original&
1842 2041 1896 2074 sed
1912 2051 1954 2075 ex
1978 2042 2142 2075 curatione
2165 2041 2289 2074 morbo-

1324 2103 1396 2127 rum
1421 2094 1605 2126 denuntiata
1630 2094 1753 2133 loanni,
1778 2094 1916 2137 perfecta
1939 2095 2062 2128 curatio
2089 2095 2129 2127 ab
2153 2094 2288 2128 actuali.

1414 2147 1574 2188 Quantum
1591 2146 1630 2179 ad
1647 2147 1843 2180 curationem
1860 2147 1901 2180 ab
1916 2147 2078 2190 oriyinati
2100 2151 2188 2187 nota,
2205 2147 2289 2190 quod

1323 2199 1362 2232 ad
1386 2199 1460 2238 hoc,
1490 2199 1575 2241 quod
1606 2199 1744 2241 perfecte
1772 2203 1914 2238 curetur,
1946 2203 2088 2242 oportet,
2120 2200 2204 2242 quod
2235 2200 2290 2233 fiat

1323 2253 1446 2285 curatio
1469 2255 1501 2285 et
1524 2252 1644 2285 sanatio
1675 2261 1694 2284 a
1717 2256 1865 2294 quatuor,
1890 2262 1972 2295 quae
2003 2253 2133 2286 fuerunt
2160 2257 2289 2296 propter

1323 2305 1475 2348 originale
1499 2308 1663 2347 peccatum
1681 2305 1817 2344 inflicta,
1842 2305 1960 2339 scilicet
1976 2315 1994 2338 a
2011 2306 2288 2348 concupiscentia,

1323 2358 1533 2401 impotentia,
1558 2358 1745 2391 matitia=et
1769 2358 1965 2401 iynorantia
1982 2359 2018 2390 13.
2045 2359 2080 2392 Et
2105 2360 2181 2392 haec
2212 2369 2289 2402 qua-

1324 2403 1396 2444 tuor
1420 2412 1625 2454 designantur
1656 2421 1713 2454 per
1741 2412 1935 2445 curationem
1967 2415 2106 2454 quatuor
2137 2421 2288 2454 generum

1322 2465 1568 2508 aegritudinum.
1602 2465 1677 2498 Nam
1709 2465 1975 2507 concupiscentia
2010 2465 2196 2508 intelligitur
2232 2475 2289 2508 per

1324 2519 1520 2561 tanyaorem
1551 2522 1681 2561 propter
1712 2518 1946 2552 adhaerentiam
1979 2519 2209 2558 universalem,
2241 2528 2289 2553 se-

1323 2571 1463 2605 cundum
1487 2571 1565 2604 illud
1590 2572 1684 2605 Isaiae
1708 2572 1811 2614 primo
1825 2572 1866 2604 ¹4:
1897 2584 1912 2600 α
1928 2571 2027 2605 Omne
2050 2575 2145 2614 caput
2168 2573 2289 2615 langui-

1321 2625 1415 2664 dum,
1439 2628 1470 2657 et
1492 2633 1585 2657 omne
1609 2634 1664 2658 cor
1688 2633 1833 2658 moerens
1850 2638 1880 2656 ».
1906 2625 2119 2667 Impotentia‚
2144 2634 2200 2667 per
2213 2625 2288 2667 pla—

1321 2687 1423 2721 9am;
1447 2677 1594 2710 Ieremiae
1616 2677 1754 2710 decimo:
1777 2690 1793 2706 «
1806 2677 1868 2710 Vae
1885 2678 1962 2710 mihi
1980 2686 2077 2719 super
2101 2678 2288 2717 contritione

1323 2733 1409 2763 mea!
1436 2730 1570 2772 pessima
1586 2730 1677 2772 plaga
1700 2739 1771 2763 mea
1787 2744 1817 2762 ».
1843 2730 1900 2763 Per
1916 2730 2075 2772 spiritum
2100 2731 2288 2773 maliqnum

1324 2783 1510 2825 intelligitur
1544 2783 1718 2826 nequitia,·
1754 2783 1847 2825 primi
1872 2783 1989 2825 Regum
2025 2783 2146 2816 decimo
2178 2788 2286 2817 sexto:

1330 2849 1345 2865 «
1362 2835 1547 2878 Exagitabat
1562 2836 1635 2868 Saul
1659 2836 1791 2878 spiritus
1814 2844 1949 2878 nequam
1963 2849 1993 2868 ».
2013 2836 2069 2869 Per
2086 2837 2286 2876 caecitatem,

1393 3007 1404 3023 ⁸
1424 3009 1498 3035 Vers.
1519 3010 1550 3040 5,
1570 3013 1629 3041 post
1647 3017 1727 3042 quern
1748 3011 1833 3036 Matth.
1854 3011 1884 3041 5,
1904 3011 1929 3035 3.

1392 3052 1404 3067 ⁹
1424 3054 1548 3085 Vulgata:
1569 3053 1603 3080 Et
1624 3053 1716 3080 beatus
1735 3055 1774 3080 est
1792 3053 1970 3087 quicumque,·
1993 3053 2070 3079 Card.
2094 3054 2171 3086 Ilugo
2191 3057 2216 3080 et
2239 3055 2286 3086 Ly-

1321 3104 1400 3123 ranus
1419 3097 1542 3123 exhibent
1560 3098 1639 3123 etiarn
1659 3097 1713 3131 qui.
1729 3112 1761 3116 —
1775 3097 1882 3123 inferius
1901 3104 1949 3129 pro
1968 3096 2135 3131 infirmitatis
2155 3097 2174 3122 C
2193 3097 2286 3124 huma-

1320 3141 1427 3174 nitatis,
1447 3142 1466 3167 Β
1486 3142 1547 3174 legit
1566 3141 1743 3168 humanitatis
1762 3143 1900 3168 assumtae
1919 3140 1961 3167 vel
1979 3140 2156 3171 infirmitatis.

1393 3185 1415 3202 ¹⁰
1435 3186 1508 3212 Vers.
1523 3186 1566 3212 23.
1580 3200 1616 3205 —
1630 3186 1686 3211 Duo
1699 3193 1774 3219 seqq.
1788 3186 1836 3212 loci
1852 3188 1912 3211 sunt
1925 3185 2011 3210 Matth.
2026 3185 2074 3218 26,
2088 3186 2131 3210 31.
2145 3189 2170 3211 01
2185 3185 2226 3216 15,
2241 3186 2284 3211 12.

1393 3229 1413 3244 ¹¹
1436 3231 1510 3256 Vers.
1531 3231 1572 3255 13.
1593 3234 1618 3256 et
1640 3230 1681 3256 14.

1393 3273 1415 3289 ¹²
1436 3275 1510 3300 Vers.
1531 3274 1572 3300 17.

1393 3316 1415 3332 ¹⁸
1434 3318 1483 3345 Clr.
1504 3319 1530 3344 Il.
1551 3319 1620 3344 Sent.
1640 3317 1666 3343 d.
1687 3318 1730 3343 22.
1749 3317 1813 3343 dub.
1834 3318 1860 3343 2.

1392 3361 1415 3376 ¹⁴
1434 3363 1509 3388 Vei-s.
1528 3362 1552 3387 5.
1570 3375 1607 3381 -
1626 3362 1682 3387 Duo
1702 3368 1776 3394 seqq.
1795 3361 1845 3387 loci
1864 3363 1925 3386 sunt
1943 3361 1990 3386 ler.
2010 3361 2056 3391 10,
2078 3361 2120 3386 19.
2139 3364 2164 3386 ct
2184 3362 2199 3385 l.
2216 3361 2282 3392 Reg.

1323 3407 1370 3437 16,
1392 3407 1433 3432 14.

2317 493 2417 522 0011113111-
2429 514 2430 521 ,

2336 520 2399 540 centl-

2317 1940 2423 1968 Expositio

2308 1967 2431 1995 spiritualis.

2335 2153 2419 2174 Curatio
2433 2158 2441 2183 ‚²

2308 2182 2395 2207 peccato
2410 2185 2442 2201 on·

2308 2206 2380 2233 ginali.
