2476 3921
131 549 282 572 Excellentiam

132 575 243 604 potestatis
252 575 284 596 in-

130 603 201 624 sinuat
223 602 283 628 signo

131 629 263 651 humilitatis.

145 1185 274 1208 Notandum.

135 1824 238 1845 Iudicium
248 1823 287 1844 hu-

136 1851 185 1872 mile
199 1851 226 1872 de
242 1855 273 1872 se.

167 2571 282 2592 Profitetnr

190 2597 262 2619 verbo.

298 296 359 327 168

295 383 437 425 explieat
459 380 571 418 verbo,
595 379 671 411 dum
695 378 783 416 dicit,
808 386 881 410 eum
907 376 1012 409 omnia
1035 385 1140 418 posse;
1175 384 1254 418 pro-

296 437 350 469 bat
372 437 584 477 argumente,
609 431 683 474 quia
706 430 812 463 omnia
834 429 949 462 debent
971 429 998 461 ei
1023 428 1252 470 obtemperare.

389 490 437 521 10.
464 488 594 528 Propter
617 483 702 527 quod
724 484 784 516 ait:
810 483 850 515 Et
873 492 949 515 cum
974 482 1044 514 iam
1066 491 1131 513 non
1163 480 1255 523 lonye

297 547 376 577 esset
398 552 420 574 a
443 541 558 577 domo;
582 547 680 581 prope
704 537 831 579 quidem
855 539 923 569 erat
953 535 1059 568 domui
1083 534 1254 577 corporali,

297 597 349 630 sed
381 594 509 637 propior
532 591 639 625 domui
675 590 816 629 mentali,
841 589 933 631 quia,
968 587 1142 621 secundum
1177 586 1256 619 illud

298 649 408 683 Psalmi
422 649 444 686 ¹,
473 654 599 691 «prope
622 647 670 677 est
693 643 845 676 Dominus
867 641 1014 675 omnibus
1037 640 1257 673 invocantibus

295 711 368 736 eum
390 713 424 740 »;
460 701 635 742 quocontra
669 697 707 729 de
742 696 833 729 malis
868 695 1015 728 Ieremiae
1050 694 1255 726 duodecimo:

299 770 315 786 «
333 757 430 797 Prope
446 762 480 787 es
504 756 539 785 tu
555 752 603 784 ori
620 760 733 784 eorum
749 753 781 782 et
804 749 896 791 longe
913 758 930 781 a
946 748 1077 781 renibus
1100 756 1211 780 eorum
1224 760 1255 778 ».

294 810 359 843 Non
383 808 453 841 talis
475 809 543 839 erat
559 805 617 838 iste
632 816 639 843 ;
656 804 749 837 cuius
764 803 899 846 siynum
923 805 991 835 erat
1008 801 1177 843 praecipua
1196 800 1257 832 hu—

295 863 424 901 militas,
448 869 543 903 quam
575 858 711 891 ostendit
742 857 845 899 primo
875 855 1055 898 confitendo
1082 864 1182 887 suam
1207 854 1257 886 in-

295 915 507 959 dignitatem,
533 921 605 945 cum
622 911 714 944 dicit:
732 909 822 942 Misit
844 909 890 941 ad
905 918 979 941 eum
1003 908 1152 940 centurio
1172 907 1257 939 ami-

295 979 368 1008 eos,
385 968 514 1001 dicens:
542 964 694 1011 Domine,
718 963 788 996 noli
802 962 936 1001 vexari,
961 961 1051 1004 quasi
1068 961 1169 993 dicat:
1194 969 1257 993 non

295 1032 365 1057 sum
389 1021 476 1059 talis,
500 1019 585 1062 quod
610 1021 738 1060 propter
761 1025 812 1049 me
835 1016 949 1048 debeas
965 1015 1110 1047 laborare
1134 1018 1165 1046 et
1188 1022 1258 1046 cor-

294 1075 444 1119 poraliter
466 1072 606 1115 fatigari;
637 1071 712 1113 quia
741 1069 932 1103 laboriosum
964 1070 1032 1101 erat
1063 1067 1091 1100 ei
1117 1067 1177 1106 ire,
1210 1075 1257 1099 36-

295 1129 433 1163 cundum
457 1126 535 1160 illud
560 1125 681 1158 Ioannis
705 1123 862 1166 quart02:
885 1122 1003 1155 «Iesus
1019 1125 1125 1154 autem
1149 1120 1259 1162 fatiga-

295 1188 347 1216 tus
362 1192 404 1216 ex
417 1182 528 1214 itinere
545 1179 672 1212 sedebat
685 1178 729 1210 sic
745 1185 841 1219 super
854 1176 971 1209 fontem
985 1189 1015 1207 ».
1030 1193 1071 1199 —
1089 1174 1179 1216 Quod
1195 1183 1258 1206 non

294 1237 433 1274 dicebat,
458 1234 533 1277 quia
556 1235 718 1266 recusaret
741 1229 950 1273 praesentiam
971 1228 1086 1261 Christi
1110 1236 1259 1269 corpora-

297 1292 372 1329 lem,
397 1289 451 1322 sed
475 1290 604 1330 propter
628 1294 717 1319 suam
742 1284 976 1331 indignitatem;
1001 1282 1085 1315 unde
1108 1286 1139 1315 et
1155 1281 1257 1314 addit:

296 1344 370 1377 Non
394 1343 480 1376 enim
502 1350 581 1374 sum
612 1340 751 1382 tliynus,
776 1342 812 1370 ut
835 1334 896 1370 sub
930 1341 1048 1370 tectum
1073 1345 1184 1368 meum
1208 1335 1258 1376 in—

297 1403 381 1436 tres,
405 1395 490 1439 quod
513 1394 588 1428 dicit
611 1392 859 1427 consideratione
879 1396 959 1424 'suae
982 1389 1200 1423 immunditiae
1228 1392 1260 1422 et

297 1451 429 1494 peccati,
453 1449 535 1483 sicut
558 1452 589 1481 et
613 1448 724 1480 Petrus
740 1454 837 1487 supra
860 1444 1013 1488 quinto³:
1044 1457 1059 1472 «
1076 1443 1133 1475 Exi
1151 1453 1169 1476 a
1192 1451 1258 1482 me,

298 1504 443 1543 Domine,
468 1502 542 1545 quia
566 1502 660 1534 homo
684 1503 828 1542 peccator
853 1507 922 1531 sum
938 1510 969 1537 ¹³3
993 1497 1121 1531 secundi
1140 1497 1259 1539 Regum

298 1557 448 1600 vigesimo
464 1559 578 1598 quarto
601 1554 683 1586 dixit
698 1554 821 1585 Areuna
838 1552 919 1594 regi:
942 1564 957 1580 α
970 1550 1049 1593 Quid
1068 1559 1181 1583 causae
1197 1553 1259 1588 est,

298 1614 334 1643 ut
358 1610 461 1643 veniat
484 1608 631 1641 dominus
646 1615 737 1639 meus
760 1598 819 1638 rex
839 1605 877 1637 ad
901 1612 1029 1637 servum
1054 1612 1148 1637 suum
1166 1606 1207 1634 n?
1224 1602 1261 1634 Et

300 1665 376 1696 haec
400 1662 567 1704 indignitas
591 1670 652 1693 non
670 1659 786 1692 latebat
809 1668 881 1691 eum
904 1667 961 1700 per
984 1657 1181 1699 superbiam,
1207 1656 1261 1689 sed

300 1720 373 1749 nota
396 1720 464 1749 erat
487 1724 544 1757 per
569 1713 778 1746 humilitatem
801 1711 1013 1754 praecipuam.

392 1770 442 1801 11.
467 1768 567 1809 (Vers.
594 1767 648 1806 7.).
675 1766 804 1807 Propter
826 1764 908 1807 quod
933 1762 1092 1805 adiungit:
1119 1763 1261 1804 Propter

300 1822 388 1867 quod
411 1826 438 1854 et
462 1831 512 1853 me
546 1820 658 1862 ipsum
688 1828 755 1851 non
778 1827 855 1850 sum
889 1817 1029 1860 (ligyrium
1053 1815 1260 1854 arbitratus,

301 1882 338 1910 ut
360 1876 503 1908 venirem
521 1874 567 1907 ad
584 1877 620 1906 te.
638 1873 699 1906 Hoc
723 1871 906 1905 arbitrium
922 1874 969 1904 est
993 1869 1193 1908 humilitatis,
1218 1878 1262 1902 se-

301 1929 440 1963 cundum
465 1927 542 1960 illud
566 1926 604 1959 ad
630 1925 842 1967 Philippenses
856 1923 1036 1957 secundo4:
1067 1936 1081 1951 κ
1100 1923 1131 1955 Ιο
1157 1922 1262 1956 humi-

300 1984 385 2016 litate
409 1981 589 2024 superiores
612 1980 672 2013 sibi
699 1979 832 2012 invicem
855 1978 1091 2011 arbitrantes».
1126 1977 1187 2010 Hoc
1210 1986 1262 2009 ar-

301 2037 430 2070 bitrium
455 2038 522 2068 erat
539 2034 569 2067 in
594 2033 739 2076 Apostolo
755 2041 811 2075 per
836 2041 943 2065 veram
960 2031 1185 2070 humilitatem,
1206 2030 1261 2073 qui

298 2090 420 2124 dicebat
451 2089 571 2132 primae
595 2088 633 2121 ad
657 2086 836 2119 Corinthios
859 2085 981 2118 decimo
1004 2084 1133 2127 quinto:
1163 2097 1178 2112 «
1200 2084 1262 2126 Ego

299 2154 369 2178 sum
394 2143 545 2176 minimus
560 2141 798 2184 Apostolorum,
823 2139 878 2182 qui
902 2148 965 2171 non
980 2147 1052 2171 sum
1076 2137 1191 2180 dignus
1207 2146 1262 2170 vo-

298 2198 362 2232 cari
387 2197 551 2240 Apostolus
568 2210 597 2228 n.
623 2193 850 2228 Ambrosius⁵z
880 2206 895 2221 «
912 2192 1035 2225 Militari
1061 2184 1181 2224 honore
1209 2190 1263 2224 de-

299 2252 414 2295 posito,
438 2249 648 2284 reverentiam
673 2248 784 2287 sumit,
808 2247 847 2279 ad
878 2246 971 2279 fidem
996 2245 1110 2284 facilis,
1134 2244 1171 2277 ad
1206 2245 1262 2277 ho-

298 2304 525 2338 norificentiam
551 2306 718 2345 promptus
734 2315 766 2333 ».
794 2301 828 2333 Et
852 2300 911 2333 hoc
934 2298 1060 2341 quidem
1086 2298 1159 2330 facit
1187 2306 1264 2330 vera

300 2358 477 2396 humilitas,
502 2356 594 2399 quia,
619 2355 793 2389 secundum
818 2353 896 2386 illud
920 2350 1125 2385 Ecclesiastici
1150 2351 1262 2390 tertio,

304 2426 319 2442 (t
337 2405 452 2454 magna
484 2410 622 2453 potentia
657 2408 712 2441 Dei
737 2408 848 2446 solius,
873 2409 904 2439 et
938 2415 956 2438 a
980 2405 1053 2438 solis
1089 2403 1264 2437 humilibus

301 2467 476 2498 honoratur
492 2477 523 2495 ».

394 2518 443 2549 12.
468 2516 554 2549 Unde
571 2515 629 2548 iste
652 2524 714 2547 non
731 2514 834 2547 solum
852 2509 1078 2545 honorificabat
1094 2510 1263 2543 Dominum

301 2569 477 2603 confitendo
501 2577 591 2601 suam
614 2567 811 2610 dignitatem,
829 2566 883 2599 sed
899 2566 992 2599 etiam
1005 2564 1190 2607 profitendo
1213 2564 1263 2597 di-

301 2624 399 2657 vinae
410 2622 545 2655 virtutis
556 2621 803 2660 sublimitatem,
817 2629 890 2653 cum
903 2619 1001 2653 addit:
1016 2619 1078 2652 Sed
1088 2618 1141 2651 die
1153 2617 1262 2657 verbo,

302 2682 330 2711 et
345 2676 525 2710 sanabitur
537 2686 623 2718 puer
644 2685 751 2714 meus,
770 2674 859 2717 quasi
884 2674 980 2707 dicat:
1003 2686 1018 2701 (ι
1032 2682 1095 2705 000
1116 2676 1163 2706 631
1179 2672 1263 2714 apud

303 2735 332 2765 te
349 2730 540 2773 impossibile
562 2738 656 2763 omne
672 2729 806 2762 verbum
819 2728 831 2748 ⁸
846 2742 876 2767 n,
893 2732 928 2761 tu
945 2736 978 2760 es
993 2727 1076 2760 601111
1095 2726 1172 2759 illud
1189 2726 1262 2759 Ver-

374 2898 381 2912 ¹
403 2899 496 2924 Psalm.
521 2897 580 2928 144,
605 2897 642 2922 18.
662 2910 698 2915 -
718 2896 841 2929 Sequitur
861 2896 907 2922 161.
929 2896 974 2926 12,
994 2896 1018 2920 2.

373 2942 383 2957 ²
404 2943 480 2968 Vers.
501 2942 526 2966 6.

374 2985 384 3000 ⁹
404 2987 478 3012 Vers¹
498 2986 527 3017 8,
547 2988 606 3017 post
624 2991 704 3017 quem
724 2985 751 3010 ll.
772 2985 836 3016 Reg.
857 2983 904 3016 24,
930 2984 973 3009 2⁴¹.
1001 2983 1052 3009 (111,
1079 2990 1159 3015 supra
1185 2989 1207 3008 c.
1237 2983 1262 3008 11.

303 3040 328 3058 0.
349 3033 389 3057 81.
410 3035 435 3057 61
454 3038 476 3057 c.
497 3031 522 3056 5.
544 3037 571 3055 0.
594 3030 636 3054 18.

374 3076 384 3090 ⁴
405 3077 479 3102 Vers,
494 3076 517 3101 3.
537 3088 572 3094 —-
591 3073 710 3100 Subinde
728 3074 855 3105 allegatur
876 3073 893 3098 1.
905 3072 964 3099 Cor.
984 3072 1030 3105 15,
1050 3073 1074 3097 9.
1089 3086 1123 3091 —
1137 3071 1265 3104 Superius

304 3129 352 3154 pro
371 3120 518 3147 arbitrium
537 3119 594 3145 Vat.
613 3117 740 3152 siqnum,
760 3118 781 3142 G
800 3118 1009 3151 argumentum,
1029 3116 1102 3149 quod
1122 3116 1179 3148 ipse
1203 3123 1263 3141 cum

303 3166 383 3193 CDE
402 3166 479 3191 etiam
500 3164 579 3197 paulo
597 3163 706 3189 interius
725 3169 774 3194 pro
793 3161 940 3188 arbitrium
958 3160 1098 3187 substituit.

375 3209 385 3224 ⁵
404 3210 474 3236 Libr.
494 3209 525 3235 V.
545 3209 571 3234 in
590 3209 652 3234 Luc.
673 3215 697 3233 0.
718 3208 765 3239 813,
787 3206 833 3232 11111
853 3213 901 3239 pro
925 3205 1027 3232 honore
1046 3208 1129 3232 textus
1148 3205 1263 3237 origina-

305 3254 347 3286 lis,
367 3255 424 3280 Vat.
444 3257 469 3280 et
488 3254 509 3279 H
529 3254 643 3279 tumore.
662 3265 698 3270 —
718 3251 841 3284 Sequitur
854 3251 930 3277 Eccli.
952 3251 980 3282 3,
1000 3251 1171 3283 2¹.·Vulgata
1190 3249 1264 3276 omit-

305 3299 333 3324 tit
350 3297 423 3325 solis.

375 3340 386 3356 ⁶
405 3343 469 3368 Luc.
495 3343 518 3373 Ι,
539 3340 582 3367 37.
600 3355 635 3360 -
656 3340 773 3366 Subinde
792 3341 919 3373 allegatur
939 3341 1008 3366 loan.
1028 3340 1037 3364 ¹l
1051 3360 1057 3371 ,
1079 3340 1106 3370 3;
1132 3340 1192 3371 Sap.
1218 3339 1263 3370 16,

308 3388 352 3413 121
374 3387 458 3418 Tuus,
478 3386 600 3418 Domine,
621 3393 721 3416 sermo,
741 3385 786 3418 qui
806 3388 879 3411 sanat
897 3385 998 3416 omnia5
1024 3385 1106 3410 Eccle.
1128 3385 1157 3417 8,
1178 3384 1208 3410 4:
1234 3384 1265 3409 Et

305 3438 392 3457 sermo
411 3431 478 3456 illius
496 3432 624 3462 potestate
637 3432 694 3461 etc„
708 3433 733 3455 et
746 3429 826 3456 Hebr.
840 3430 868 3462 4,
892 3430 930 3455 ¹2.
944 3444 979 3448 -
993 3430 1012 3455 A
1024 3429 1042 3455 C
1056 3429 1077 3454 D
1096 3420 1220 3455 omittunt
1233 3429 1263 3454 tu

306 3482 332 3502 es
351 3474 422 3500 enim
442 3473 510 3500 illud
532 3473 655 3500 Verbum.

884 287 1078 320 COMMENT.
1103 287 1140 320 IN
1164 285 1404 319 EVANGELlUM
1428 284 1544 318 LUCAE
1569 284 1601 316 C.
1626 283 1687 316 Vll.

1318 374 1409 413 bum,
1432 382 1489 415 per
1513 372 1598 414 quod
1627 385 1643 401 α
1659 372 1763 404 omnia
1785 371 1866 404 sacta
1882 374 1957 404 sunt
1972 384 2004 409 n,
2028 370 2151 403 Ioannis
2167 371 2279 413 primo.

1318 428 1366 460 Tu
1381 435 1415 459 es
1438 426 1490 458 ille
1512 439 1527 454 α
1544 434 1661 464 sermo,
1679 424 1734 467 qui
1758 433 1850 457 sanas
1865 424 1970 456 omnia
1982 437 2013 463 n,
2038 424 2212 466 Sapientiae
2227 424 2281 457 de-

1318 480 1399 512 cimo
1415 482 1528 517 sext0;
1552 478 1606 520 qui
1636 485 1652 506 t<
1670 480 1822 519 potestate
1845 476 1958 518 plenus
1973 485 2007 509 es
2023 489 2055 515 ι»,
2081 476 2282 510 Ecclesiastae

1318 535 1442 572 octavo;
1466 532 1521 574 qui
1545 540 1579 564 es
1606 544 1622 560 «
1640 531 1732 563 vivus
1748 534 1779 563 et
1803 530 1917 563 efficax
1933 543 1949 558 »
1970 533 2047 569 etc.,
2071 529 2110 562 ad
2126 521 2292 563 Hebraeos*

1319 590 1443 629 quarto.
1471 586 1530 618 Die
1553 594 1629 627 ergo
1653 583 1766 622 verbo,
1791 587 1820 616 et
1843 582 2024 615 sanabitur
2044 593 2131 625 puer
2155 593 2256 616 meus.

1413 638 1461 671 13.
1492 638 1593 679 (Vers.
1622 638 1677 678 8.).
1704 637 1739 669 Et
1762 636 1847 679 quod
1871 635 1949 668 illud
1972 635 2122 675 sufficiat,
2147 636 2282 669 ostendit

1321 703 1343 725 a
1366 691 1507 730 minori,
1532 700 1604 724 cum
1636 690 1794 732 adiungit:
1827 688 1916 722 Nam
1946 693 1976 721 et
1997 698 2055 731 eyo
2087 687 2183 722 bomo
2205 699 2283 722 sum

1319 745 1381 778 sub
1402 748 1558 788 potestate
1577 743 1794 782 constitutus,
1820 746 1851 775 et
1867 743 1910 775 ita
1932 742 2001 775 aliis
2021 751 2071 775 me
2095 751 2284 785 recognosco

1321 799 1514 837 subiectum,
1538 797 1713 831 secundum
1736 797 1815 829 illud
1838 797 1877 829 ad
1901 797 2054 829 Romanos
2076 796 2198 830 decimo
2222 799 2284 830 ter-

1322 852 1404 885 tio⁷z
1434 865 1450 881 ι(
1464 851 1576 884 01111113
1598 851 1703 883 601106
1726 850 1933 892 potestatibus
1957 849 2194 883 sublimioribus
2209 850 2285 883 sub-

1321 906 1386 939 dita
1408 906 1448 938 sit
1466 916 1500 943 »3
1525 904 1570 937 sic
1594 908 1699 937 tamen
1721 903 1891 942 subditae,
1924 902 2008 945 quod
2032 906 2064 936 et
2094 902 2163 936 aliis
2183 913 2286 945 prae-

1318 958 1458 1002 positus.
1477 958 1645 999 Propterea
1661 957 1750 990 dicit:
1776 956 1908 990 Habens
1923 956 1984 988 sub
2008 966 2059 988 me
2076 956 2211 996 milites,
2228 948 2283 999 qui

1322 1012 1440 1045 scilicet
1463 1011 1561 1049 verbo
1596 1020 1666 1043 meo
1689 1010 1862 1049 obediunt;
1898 1009 1982 1042 unde
2013 1009 2115 1042 addit:
2141 1011 2182 1043 Et
2212 1010 2285 1043 dieo

1322 1065 1419 1099 huie:
1451 1065 1553 1104 Vade,
1581 1069 1611 1097 et
1633 1064 1748 1105 (βαίη
1771 1068 1801 1096 et
1824 1063 1900 1096 alii:
1932 1063 2025 1103 Veni,
2050 1068 2078 1096 et
2100 1064 2203 1103 venit,
2219 1064 2286 1097 sine

1322 1118 1582 1157 contradictione,
1607 1117 1782 1150 secundum
1799 1116 1877 1150 illud
1897 1116 1935 1149 ad
1952 1117 2108 1150 Hebraeos
2131 1117 2244 1150 ultimo
2256 1117 2284 1150 ⁸:

1327 1186 1342 1201 «
1359 1172 1490 1206 Obedite
1506 1171 1693 1214 praepositis
1708 1170 1823 1203 vestris
1839 1173 1870 1203 61
1892 1170 2052 1203 3011166616
2068 1170 2113 1203 613
2126 1183 2156 1202 n.
2174 1170 2210 1203 Et
2226 1170 2286 1203 hoc

1322 1227 1398 1260 dicit
1420 1229 1574 1269 quantum
1599 1225 1638 1257 ad
1661 1224 1781 1257 maiora
1804 1223 1993 1263 ministeria;
2017 1227 2048 1257 et
2072 1227 2227 1266 quantum
2247 1223 2286 1256 ad

1323 1280 1445 1313 minora
1460 1279 1559 1312 addit:
1587 1279 1625 1311 Et
1641 1287 1735 1311 servo
1751 1287 1833 1316 meo,
1850 1277 1967 1310 scilicet
1983 1277 2066 1310 dico:
2085 1278 2155 1310 Fae
2172 1276 2242 1317 boe,
2259 1282 2287 1311 et

1322 1333 1427 1378 faeit;
1450 1333 1532 1366 infra
1554 1332 1756 1371 duodecim03
1780 1345 1795 1361 α
1812 1332 1924 1365 Beatus
1948 1331 2000 1364 ille
2021 1340 2147 1371 servus,
2172 1341 2286 1374 quem,

1323 1397 1395 1422 cum
1414 1387 1536 1421 venerit
1551 1386 1698 1419 dominus
1714 1386 1800 1425 eius,
1825 1385 1980 1419 invenerit
2004 1385 2048 1418 316
2071 1385 2235 1418 facientem
2255 1399 2287 1425 »,

1324 1441 1442 1475 36111661
1453 1440 1535 1473 31601
1560 1439 1727 1482 praecepit.
1754 1439 1800 1471 Ex
1817 1448 1881 1482 quo
1896 1439 2016 1482 arguit,
2041 1448 2114 1472 cum
2138 1439 2204 1481 ipse
2228 1438 2288 1472 sub

1324 1495 1411 1528 nulla
1431 1494 1471 1527 sit
1494 1496 1647 1536 potestate
1671 1496 1702 1526 et
1726 1493 1972 1526 innumerabiles
1992 1492 2107 1525 habeat
2130 1492 2287 1533 subditos,

1324 1548 1411 1591 quod
1426 1550 1529 1590 potest
1545 1555 1656 1580 sanare
1672 1547 1738 1579 solo
1750 1546 1862 1585 verbo;
1880 1546 1911 1579 10
1925 1555 1989 1589 quo
2005 1546 2174 1579 confitetur
2187 1545 2287 1579 Iesum

1324 1602 1507 1640 Dominum,
1532 1601 1570 1634 de
1593 1610 1657 1643 quo
1682 1600 1887 1633 Ecclesiastici
1911 1600 2153 1642 quadragesimo
2177 1608 2288 1633 secun-

1324 1655 1407 1688 d09:
1437 1668 1453 1683 «
1469 1654 1582 1687 Omnia
1606 1654 1636 1686 in
1660 1654 1746 1686 omni
1770 1653 1955 1686 necessitate
1969 1652 2129 1685 ,obediunt
2152 1652 2180 1686 ei
2197 1666 2227 1686 n.

1418 1709 1468 1741 lli.
1494 1708 1595 1750 (Vers.
1615 1707 1669 1747 9.).
1688 1707 1847 1749 Quantum
1871 1710 1977 1739 autem
1993 1706 2032 1739 ad
2056 1706 2289 1739 auctoritatem

1325 1762 1460 1795 divinae
1483 1760 1722 1803 testificationis
1746 1759 1911 1793 subditur:
1938 1760 2008 1801 Quo
2041 1759 2169 1798 audito,
2195 1759 2288 1792 Iesus

1326 1815 1472 1848 miratus
1495 1820 1557 1854 est,
1575 1814 1607 1847 id
1630 1817 1692 1853 est,
1709 1813 1747 1846 ad
1768 1813 1897 1852 modum
1913 1813 2097 1846 admirantis
2113 1821 2147 1846 se
2163 1813 2289 1853 habuit,

1326 1879 1389 1902 non
1411 1869 1487 1911 quia
1502 1869 1562 1901 1106
1578 1871 1661 1901 63361
1677 1867 1735 1900 sibi
1752 1871 1824 1900 ante
1840 1865 2036 1908 incognitum
2058 1865 2108 1898 vel
2125 1875 2289 1908 magnum,

1326 1923 1380 1956 sed
1404 1926 1440 1955 ut
1463 1922 1552 1965 signo
1575 1921 1770 1960 ostenderet,
1794 1919 1888 1957 fidem
1912 1919 2038 1962 gentilis
2061 1919 2199 1952 hominis
2221 1928 2290 1952 esse

1326 1985 1489 2019 magnam,
1514 1976 1597 2008 sicut
1620 1975 1705 2008 illius
1728 1974 1872 2007 mulieris
1895 1973 2038 2016 gentilis;
2063 1973 2209 2006 Matthaei
2237 1972 2290 2005 de—

1326 2030 1407 2064 cimo
1431 2029 1542 2072 quinto
1555 2028 1596 2061 ¹⁰:
1619 2041 1634 2057 «
1647 2027 1673 2060 O
1689 2027 1822 2060 mulier!
1839 2035 1952 2069 magna
1968 2028 2015 2059 est
2035 2025 2113 2059 fides
2129 2029 2184 2059 tua
2199 2039 2231 2058 ι».
2248 2044 2289 2050 -

1327 2084 1363 2116 Et
1386 2084 1446 2116 hoc
1470 2081 1647 2115 manifestat
1670 2080 1785 2119 verbo,
1818 2088 1891 2112 cum
1915 2079 2017 2112 addit:
2044 2079 2084 2111 Et
2113 2088 2291 2112 conversus

1326 2135 1535 2180 sequentibus
1565 2144 1600 2167 se
1613 2135 1639 2153 ¹1
1662 2133 1767 2172 dimit,
1791 2132 1909 2166 scilicet
1932 2132 2112 2175 discipulis,
2141 2132 2180 2165 ad
2211 2140 2292 2174 quos

1326 2190 1518 2233 benignitate
1534 2188 1788 2226 convertebatur,
1806 2189 1843 2220 ut
1861 2186 2003 2226 doceret,
2021 2186 2196 2219 secundum
2212 2185 2290 2219 illud

1327 2242 1561 2277 Deuteronomii
1591 2241 1752 2284 trigesimo
1776 2240 1886 2273 tertio:
1916 2253 1931 2269 α
1949 2240 2008 2282 Qui
2032 2231 2290 2282 appropinquant

1326 2297 1460 2340 pedibus
1483 2296 1552 2329 eius
1567 2295 1721 2337 accipient
1737 2295 1775 2328 de
1798 2294 1941 2327 doctrina
1957 2293 2042 2327 illius
2059 2306 2093 2333 »;
2111 2293 2291 2326 Proverbio-

1327 2360 1400 2383 rum
1424 2349 1574 2392 vigesimo
1606 2348 1723 2391 primo:
1754 2361 1769 2376 «z
1787 2347 1845 2389 Qui
1870 2350 2009 2381 sectatur
2041 2346 2214 2389 sapientem
2238 2355 2291 2380 su-

1326 2406 1392 2437 met
1406 2402 1591 2446 sapientiam
1608 2416 1638 2434 ».
1658 2421 1698 2426 —
1717 2402 1753 2434 Et
1776 2401 1936 2444 sequitur,
1953 2400 2038 2443 quod
2061 2400 2159 2433 dixit:
2186 2401 2290 2433 Amen

1327 2458 1401 2491 dieo
1423 2456 1526 2496 vobis,
1550 2466 1609 2489 nee
1633 2456 1669 2489 in
1693 2455 1801 2488 Israel
1816 2459 1947 2488 tantam
1969 2454 2068 2496 fidem
2084 2454 2211 2494 inveni,
2235 2453 2289 2487 ubi

1327 2511 1427 2543 maior
1450 2510 1579 2543 deberet
1603 2509 1755 2549 inveniri,
1779 2509 1854 2552 quia
1878 2508 1936 2551 ipsi
1960 2508 2078 2541 habent
2106 2517 2175 2541 eam
2200 2506 2290 2550 quasi

1329 2573 1384 2607 per
1408 2563 1619 2597 hereditatem
1644 2564 1683 2597 ab
1707 2563 1878 2602 Abraham,
1902 2562 1941 2596 de
1964 2572 2028 2605 quo
2051 2561 2168 2595 dicitur
2192 2560 2291 2594 Gene-

1328 2618 1370 2651 sis
1385 2617 1506 2651 decimo
1523 2617 1634 2660 quinto
1647 2617 1687 2649 ¹2:
1706 2629 1723 2646 «ι
1734 2616 1873 2650 Credidit
1884 2616 2040 2649 Abraham
2053 2615 2132 2654 Deo,
2150 2617 2181 2647 et
2197 2622 2291 2656 repu-

1328 2674 1428 2704 tatum
1445 2674 1493 2704 est
1508 2671 1550 2703 illi
1568 2670 1607 2703 ad
1624 2670 1775 2704 iustitiam
1791 2684 1822 2702 ».
1840 2670 1899 2712 11131
1917 2669 2012 2703 etiam
2029 2668 2146 2701 habent
2162 2676 2219 2710 per
2236 2667 2292 2700 Le-

1325 2735 1416 2768 9em,·
1432 2724 1554 2758 1060013
1570 2724 1699 2767 quinto:
1721 2737 1737 2753 «τ
1751 2724 1780 2757 Si
1798 2723 1893 2766 Moysi
1911 2722 2096 2761 crederetis,
2122 2720 2292 2754 crederetis

1399 2891 1409 2906 ⁷
1430 2894 1504 2919 Vers.
1525 2893 1548 2918 1.
1562 2907 1597 2910 -
1612 2892 1649 2917 De
1665 2890 1892 2923 argumentatione
1911 2896 1929 2915 a
1947 2887 2050 2915 minori
2061 2889 2107 2914 cfr.
2122 2890 2185 2914 tom.
2199 2888 2216 2913 l.
2229 2895 2290 2920 pag.

1329 2938 1393 2969 835,
1413 2941 1471 2963 nota
1493 2937 1519 2963 5.

1398 2980 1408 2996 Β
1428 2983 1504 3008 Vers.
1525 2982 1567 3007 17.
1588 2996 1621 2999 -
1641 2981 1765 3014 Sequitur
1784 2981 1847 3006 Luc.
1870 2979 1917 3010 12,
1938 2978 1980 3004 43.

1399 3025 1410 3040 ⁹
1429 3027 1503 3053 Vers.
1524 3026 1565 3052 24.
1586 3026 1677 3052 Glossa
1696 3023 1841 3051 ordinaria
1860 3024 1886 3049 in
1905 3024 1967 3049 Luc.
1986 3023 2016 3055 7,
2038 3024 2066 3049 8:
2086 3023 2112 3049 Si
2139 3029 2190 3055 ego
2210 3024 2291 3049 homo

1327 3071 1378 3098 sub
1397 3072 1447 3097 alio
1466 3078 1576 3104 possum
1596 3071 1726 3102 imperare
1739 3068 1898 3101 minoribus,
1912 3071 2011 3101 quanto
2030 3067 2116 3100 magis
2130 3070 2171 3099 tu,
2192 3067 2238 3101 qui
2251 3074 2291 3093 su-

1328 3123 1375 3148 per
1394 3116 1481 3142 omnia
1501 3115 1582 3141 habes
1597 3115 1751 3141 famulantes
1769 3114 1897 3146 Angelos,
1911 3115 1986 3145 potes
2005 3119 2054 3145 per
2067 3119 2159 3138 eorum
2180 3112 2292 3138 ministe-

1326 3161 1364 3186 ria
1384 3161 1443 3188 sine.
1465 3160 1584 3192 corporis
1605 3154 1753 3193 praesentia
1778 3158 1867 3184 dicere
1885 3157 2047 3189 infirmitati,
2075 3160 2102 3183 ut
2121 3156 2241 3188 recedat,
2266 3157 2291 3181 et

1328 3206 1445 3236 recedet;
1464 3209 1490 3231 et
1508 3205 1626 3235 sanitati,
1646 3207 1674 3230 ut
1686 3203 1787 3234 veniat,
1800 3205 1825 3229 et
1838 3202 1925 3228 veniet
1946 3202 2103 3235 (secundum
2122 3199 2243 3233 Bedam).
2257 3213 2292 3219 —

1328 3250 1388 3276 Post
1406 3249 1554 3276 Dominum
1575 3249 1674 3282 (plures
1694 3248 1771 3274 codd.
1791 3246 1887 3280 Deum)
1908 3247 1965 3272 Vat.
1985 3247 2059 3273 addit
2077 3245 2210 3272 omnium.

1400 3293 1422 3308 ¹⁰
1443 3295 1516 3320 Vers.
1535 3294 1578 3321 28.

1400 3338 1420 3353 ¹¹
1443 3339 1567 3371 Vulgata,
1587 3338 1646 3364 Vat.
1665 3340 1690 3364 et
1709 3338 1730 3363 H
1743 3337 1845 3363 addunt
1856 3335 1951 3368 turbis,
1968 3338 1994 3361 et
2006 3334 2159 3361 immediate
2171 3335 2231 3366 post
2243 3337 2291 3363 pro

1327 3382 1428 3410 scilicet
1445 3381 1585 3416 discipulis
1612 3382 1670 3408 Vat.
1690 3380 1811 3408 mazime
1835 3379 1983 3414 discipulis.
2003 3393 2038 3399 —
2063 3379 2119 3404 Duo
2145 3383 2220 3409 seqq.
2243 3374 2291 3400 loci

1328 3431 1388 3454 sunt
1407 3429 1482 3453 Deut.
1502 3428 1549 3459 33,
1570 3427 1595 3453 3.
1615 3429 1640 3453 ct
1659 3427 1737 3452 Prov.
1756 3427 1803 3458 21,
1825 3426 1866 3451 11.

1400 3471 1421 3486 ¹²
1442 3473 1517 3498 Vers.
1537 3472 1565 3503 5,
1585 3474 1645 3504 post
1664 3478 1744 3504 quem
1765 3471 1833 3497 1060.
1853 3471 1883 3503 60,
1904 3469 1946 3495 66.
1965 3476 2021 3502 seq.

2302 642 2381 663 Probat
2393 647 2427 664 ar-

2311 670 2418 695 gumento.
2467 698 2468 707 ἵ

2307 1708 2413 1734 secundo,
2429 1713 2454 1730 ex

2316 1735 2442 1757 auctoritato

2314 1762 2400 1783 divinae
2411 1763 2442 1783 te-

2309 1788 2450 1810 stificationis.
