2427 3872
296 255 360 287 800

581 298 641 324 ΝΕΡ

297 343 465 369 serviendum
478 343 504 368 in
515 343 621 374 negotio
634 342 742 367 actionis
753 342 803 367 576
818 342 833 367 5
846 354 881 360 -
894 341 938 367 Ne-

298 388 410 420 gotiator
428 386 570 419 spiritualis
588 390 628 412 est
655 387 701 418 qui
720 385 855 417 praedicat
877 392 939 417 pro-

296 435 355 463 pter
373 432 476 457 lucrum
496 430 643 456 animarum
663 430 707 456 Vll
728 430 779 455 479
793 430 826 455 20
846 443 881 448 -
894 429 939 455 Ν8-

299 476 411 508 gotiator
431 475 515 500 malus
540 478 579 500 est
607 474 651 507 qui
680 474 814 506 praedicat
832 477 940 505 propter

299 520 402 546 lucrum
422 519 566 550 temporale
585 517 647 544 ibid.
817 551 819 553 Ι

353 577 388 582 -
408 563 538 594 Negotiosi
557 563 668 588 audiunt
686 561 800 588 verbum
824 562 941 592 Domini,

300 608 347 633 sed
366 614 419 633 non
438 614 530 633 omnes
558 607 654 632 faciunt
681 608 795 632 fructum
823 606 942 638 spiritua·

301 652 367 682 lem,
387 652 449 684 quia
468 651 648 683 impediuntur
667 658 681 676 a
706 650 776 677 curis
794 650 943 676 carnalibus

301 695 345 720 Vll
368 695 416 721 494
436 696 474 720 20
488 709 524 714 -
543 695 674 726 Negotiosi
688 695 768 720 vitam
782 695 942 726 spiritualem

300 739 417 772 perdunt
435 738 497 765 ibid.
509 753 546 758 —
563 739 695 771 Negotiosi
710 739 845 771 perdendo
861 739 944 764 vitam

301 784 451 809 interiorem
476 783 590 815 perdunt
609 790 656 815 per
675 789 840 816 consequens
861 783 945 808 effica-

303 828 371 854 ciam
391 828 544 854 exteriorem
565 826 626 853 ibid.

357 873 500 898 Nsrnntm
519 886 555 890 -
574 871 671 897 Tribus
696 871 842 903 Nephtalim
863 871 910 896 suit
929 877 943 895 a

303 915 406 942 Christo
426 916 512 947 primo
532 915 634 940 visitata
655 915 698 940 Vll
721 914 771 939 405
791 914 825 939 55

357 960 489 985 ΝΕΡτυΝυε
507 973 542 977 —-
560 958 706 984 vocabatur
734 965 808 983 mare
827 958 861 984 Vt
892 958 943 983 492

304 1011 330 1029 v.
351 1005 366 1029 2

358 1048 439 1073 Ν1ῑ11ν1
458 1060 493 1066 -
511 1049 581 1072 recte
610 1046 733 1071 dicuntur
762 1045 830 1071 funis
858 1045 891 1070 Vl
912 1044 944 1070 94

304 1098 332 1116 v.
351 1091 366 1116 6
576 1120 578 1122 q

359 1135 503 1160 Niconsmus
521 1148 556 1152 ——
576 1133 685 1160 idoneus
710 1136 766 1159 erat
793 1133 827 1159 ad
851 1132 945 1159 Christi

306 1179 472 1210 disciplinam
491 1178 687 1210 suscipiendam
707 1178 739 1203 Vl
759 1177 810 1202 278
832 1178 856 1208 4,
877 1177 892 1202 3
911 1191 947 1196 —

307 1222 421 1248 habebat
440 1224 601 1248 honestatem
621 1222 690 1247 vitae
710 1225 739 1247 ut
755 1222 909 1247 Pharisaeus
922 1224 947 1247 et

307 1267 387 1293 officii
407 1266 560 1298 dignitatem
582 1269 609 1292 ut
622 1266 748 1298 princeps
764 1265 798 1291 it».
812 1267 827 1291 2
846 1279 882 1285 —
900 1266 947 1291 sol-

306 1311 376 1337 licite
403 1311 475 1336 venit
499 1311 532 1336 ad
561 1311 645 1336 lesum
670 1313 758 1342 nocte,
786 1313 815 1336 ut
833 1310 947 1343 quietius

308 1358 397 1388 posset
416 1355 506 1381 instrui
526 1358 550 1380 et
569 1355 657 1381 doceri
678 1353 748 1386 ibid„
773 1355 788 1379 3
807 1368 843 1373 —
861 1354 947 1387 venit,

307 1403 336 1425 ut
355 1400 507 1431 doceretur,
533 1402 559 1424 et
581 1399 712 1425 Christum
740 1400 884 1431 perfectum
903 1398 947 1424 do-

307 1447 406 1469 ctorem
432 1443 557 1469 credebat
585 1447 610 1469 et
634 1443 691 1469 eius
719 1443 865 1475 discipulus
889 1449 947 1468 esse

306 1487 413 1513 volebat
430 1486 492 1514 ibid.
510 1501 545 1506 —
563 1486 701 1519 credebat,
731 1486 863 1513 Christum
888 1494 947 1513 esse

306 1538 321 1557 a
340 1532 406 1563 Deo,
426 1535 534 1563 propter
561 1532 637 1563 signa
655 1530 718 1557 ibid.
745 1544 780 1550 —
807 1530 946 1563 credebat,

306 1582 357 1601 non
377 1576 478 1608 palam,
497 1579 583 1601 tamen
603 1576 704 1601 occulte
723 1575 773 1600 278
795 1575 819 1600 4.
840 1575 890 1600 502
911 1575 945 1600 62

306 1633 340 1639 -
360 1620 432 1645 venit
450 1623 528 1645 nocte
547 1626 577 1644 ex
606 1619 779 1649 verecundia,
798 1618 947 1643 infirmitate

306 1667 332 1689 et
350 1663 484 1694 diligentia
503 1663 555 1688 278
575 1662 591 1687 5
605 1675 640 1681 —
651 1662 796 1695 quaerebat
813 1662 847 1687 de
866 1662 946 1687 modo

307 1707 479 1739 perveniendi
503 1706 536 1732 ad
565 1706 674 1731 salutem
702 1705 753 1731 279
772 1706 788 1730 7
808 1719 842 1724 -—
863 1705 947 1730 Domi-

306 1758 358 1776 nus
376 1751 519 1776 Nicodemo
547 1750 683 1782 quaerenti
712 1750 787 1782 plene
805 1749 948 1781 respondet

307 1795 506 1820 determinando
526 1794 615 1819 salutis
634 1794 704 1819 viam
725 1797 750 1819 et
768 1794 857 1819 salutis
876 1793 947 1825 prin-

307 1839 405 1870 cipium
426 1839 477 1864 282
497 1838 530 1864 23
550 1851 585 1857 -
604 1838 638 1864 de
662 1837 751 1864 verbis
776 1837 881 1863 Domini
900 1837 948 1863 du-

307 1881 407 1908 bitabat
425 1885 450 1908 et
462 1883 522 1908 ideo
536 1882 692 1915 quaerebat,
706 1882 767 1915 qula
781 1881 946 1908 nativitatum

307 1926 465 1952 differentias
484 1926 623 1958 ignorabat
641 1925 692 1952 550
714 1927 723 1951 4

358 1985 394 1989 -
413 1971 549 1997 carnaliter
568 1969 728 2003 intelligebat
741 1970 854 1996 verbum
874 1970 947 1996 Chri·

305 2015 337 2040 sti
357 2015 391 2041 Vl
411 2015 462 2041 279
481 2015 506 2040 9.
527 2015 578 2041 280
598 2015 626 2040 44
654 2030 689 2033 -
708 2022 756 2047 per
783 2015 945 2047 diligentiam

305 2066 357 2085 non
376 2059 489 2085 cessavit
507 2066 521 2085 a
542 2059 708 2092 quaerendo,
728 2059 812 2086 donec
824 2059 947 2091 intellige-

305 2107 345 2129 ret
363 2104 414 2129 280
444 2103 477 2130 44
495 2118 531 2122 -
556 2111 604 2136 per
630 2104 772 2130 intellectus
796 2103 947 2136 captivatio-

305 2153 366 2173 nem
384 2151 411 2173 et
428 2147 508 2173 fldem
527 2150 643 2174 meretur
661 2154 676 2173 a
704 2148 817 2174 Domino
845 2147 947 2180 plenius

305 2192 411 2218 edoceri
441 2191 503 2218 ibid.
533 2205 569 2211 —
597 2191 708 2218 credidit
738 2199 785 2224 per
813 2191 945 2218 Christum

306 2235 358 2262 475
378 2235 411 2261 40

358 2293 393 2299 —
412 2280 547 2312 redarguit
565 2280 718 2306 Pharisaeos
737 2280 889 2306 auctoritate
902 2281 947 2306 Le-

308 2324 348 2355 gis
367 2324 400 2349 Vl
420 2325 471 2350 352
491 2325 524 2349 68
546 2338 579 2342 -
598 2324 730 2350 Pharisaei
755 2325 947 2350 calumniantur

306 2368 478 2394 Nicodemum
504 2369 579 2402 quasi
607 2369 764 2401 deceptum,
789 2368 863 2402 quod
891 2369 947 2401 ipse

307 2412 332 2437 in
360 2411 491 2438 Christum
520 2413 639 2438 crederet
666 2412 700 2439 ib.
728 2413 762 2438 70
790 2426 826 2432 -
851 2413 947 2439 devote

307 2455 424 2481 condivit
442 2463 539 2488 corpus
558 2455 651 2482 Christi
666 2457 716 2482 502
733 2457 775 2483 62.
789 2457 840 2483 503
856 2457 898 2488 63,
913 2457 946 2482 68

306 2513 341 2517 -—
360 2499 478 2525 nondum
498 2499 622 2525 credebat
640 2501 857 2526 resurrectionem
877 2501 947 2527 Chri-

307 2543 355 2573 sti,
374 2546 460 2568 tamen
480 2543 591 2569 multum
610 2543 716 2569 amabat
734 2545 786 2570 504
806 2545 839 2570 68

360 2586 488 2612 Nicerotis
506 2600 541 2606 —
560 2590 634 2612 antea
662 2588 799 2614 dicebatur
824 2590 948 2615 Emmaus

308 2631 350 2656 Vtt
371 2631 422 2656 502
444 2631 476 2655 48
496 2644 529 2649 ——
549 2634 588 2656 est
615 2631 706 2656 civitas
734 2632 858 2657 victoriae
886 2632 948 2659 ibid.

306 2689 341 2693 -
361 2678 399 2700 est
419 2675 502 2706 tlgura
522 2675 651 2700 Ecclesiae
680 2675 813 2701 militantis
831 2675 894 2701 ibid.

362 2719 432 2744 Ν11111,
450 2733 485 2736 -
504 2719 555 2744 Res
574 2721 676 2744 creatae
694 2722 755 2744 sunt
774 2719 808 2744 de
821 2719 902 2744 nihilo
916 2720 947 2745 Vl

310 2763 325 2788 7
345 2770 370 2795 q.
391 2763 406 2788 2
426 2776 461 2782 -
480 2762 603 2788 Creatura
629 2761 679 2787 sibi
707 2762 794 2788 relicta
815 2762 897 2788 tendit
915 2763 949 2788 ad

307 2807 370 2832 nihil
390 2806 451 2833 ibid.
471 2821 506 2825 —
518 2807 639 2832 Naturale
652 2812 682 2832 ex
696 2806 781 2838 prima
795 2806 949 2838 aptitudine,

307 2858 361 2876 non
379 2858 409 2877 ex
429 2851 582 2876 necessitate
594 2850 620 2876 in
633 2850 744 2876 nihilum
756 2850 851 2876 resolvi
864 2853 950 2882 potest

310 2895 360 2920 419
379 2902 405 2920 v.
425 2896 440 2920 2
459 2909 494 2914 -
508 2895 646 2921 Peccatum
659 2895 755 2920 dicitur
768 2895 829 2920 nihil
849 2895 950 2921 ratione

307 2938 461 2970 privationis
480 2939 531 2964 249
553 2939 585 2964 44
605 2953 638 2958 -
658 2939 763 2972 Aliquid
777 2939 873 2965 dicitur
892 2946 949 2965 esse

308 2982 371 3008 nihil
391 2982 415 3008 in
435 2983 633 3015 comparatione
646 2983 751 3009 maximi
772 2983 822 3009 464
843 2983 877 3009 37

361 3027 434 3052 Nuus
452 3039 488 3045 —
505 3030 544 3052 est
563 3027 597 3052 de
615 3026 769 3053 fluminibus
788 3028 902 3060 paradisi
918 3028 948 3053 Vl

311 3069 360 3095 478
380 3076 407 3095 v.
426 3070 442 3094 7

362 3113 457 3139 Ntmnus
475 3128 508 3132 -
528 3113 674 3140 Descensus
692 3115 776 3141 nimbi
800 3119 825 3141 et
844 3116 949 3148 pluviae

309 3157 431 3189 designat
461 3158 618 3183 descensum
650 3158 761 3190 Spiritus
791 3160 873 3186 sancti
905 3160 948 3186 Vll

310 3201 362 3227 334
382 3202 414 3227 82
434 3215 467 3220 -
487 3202 534 3227 Ρ81
554 3201 674 3227 nimbum
695 3202 844 3235 intelligitur
863 3203 949 3230 imber

309 3245 485 3277 lacrymarum
505 3245 538 3272 ib.
558 3246 591 3272 83

363 3289 493 3316 ΝικινιτΑε
524 3303 559 3309 -
591 3290 810 3317 commendantur
842 3294 949 3324 propter

309 3339 385 3358 suam
405 3334 590 3365 poenitentiam
611 3334 636 3360 in
660 3335 854 3366 praedicatione
873 3337 949 3362 lonae

309 3375 353 3401 vu
373 3377 423 3402 299
444 3378 477 3402 68
496 3391 531 3397 —
550 3378 616 3404 inter
641 3382 693 3405 tres
721 3379 777 3405 dies
803 3380 860 3405 sacti
888 3383 948 3406 sunt

1155 251 1270 285 INDEX
1292 252 1421 285 RERUM

975 341 1090 372 populus
1110 341 1157 366 Dei
1169 343 1195 366 et
1207 344 1347 366 evaserunt
1366 340 1510 366 vindictam
1528 340 1615 366 immi-

975 388 1080 410 nentem
1100 384 1161 411 ibid.

1029 429 1105 455 Nixus
1124 442 1157 447 —
1177 432 1233 455 erat
1250 435 1295 454 rex
1322 428 1491 461 Assyriorum
1510 429 1545 454 Vl
1564 429 1616 454 200

976 480 1002 498 v.
1022 473 1056 498 45

1030 517 1161 542 Nouimus
1196 531 1232 536 —
1269 517 1527 549 consanguineorum
1565 523 1618 542 non

977 561 1174 592 praetendenda
1196 561 1228 586 Vl
1249 561 1300 586 268
1315 561 1366 586 403
1386 575 1421 579 -—
1440 567 1545 587 morum
1560 561 1619 586 tacit

979 607 1074 630 terram
1095 603 1199 630 beatam
1219 605 1252 630 86
1272 612 1296 630 v.
1318 605 1350 630 47
1364 619 1399 623 -
1412 606 1467 631 sola
1486 607 1534 638 est,
1549 611 1618 637 quae

979 649 1096 674 animum
1116 648 1234 674 moribus
1252 652 1327 675 ornat
1346 648 1408 675 ibid.

1033 693 1086 718 Nor:
1104 706 1139 712 —
1158 696 1214 718 erat
1233 693 1317 719 iustus
1335 693 1369 718 Vl
1390 693 1440 719 472
1454 701 1480 719 v.
1495 694 1510 718 2
1530 707 1563 712 -
1577 694 1620 718 ha-

981 736 1038 762 buit
1056 736 1166 768 gratiam
1187 737 1352 769 perfectionis
1371 738 1413 763 Vll
1433 738 1466 763 23
1487 737 1520 762 54
1533 750 1569 756 -
1582 739 1621 762 851

982 780 1066 812 figura
1085 781 1261 812 praelatorum
1284 781 1333 807 472
1353 782 1396 807 34.
1417 781 1467 807 446
1481 781 1514 806 58
1528 795 1563 799 -
1576 787 1621 805 nu-

981 824 1058 850 datus
1077 825 1100 849 in
1121 824 1289 850 tabernaculo
1306 828 1346 851 est
1364 825 1448 857 figura
1462 825 1555 851 Christi
1569 825 1620 850 595

982 868 1016 893 34
1034 881 1070 887 —
1089 868 1200 899 figuram
1220 868 1329 900 gerebat
1347 868 1442 895 Christi
1461 868 1513 894 440
1533 869 1567 894 45
1585 884 1621 887 —

982 912 1110 944 significat
1123 911 1254 938 Christum
1268 920 1319 938 non
1332 916 1431 939 tantum
1445 913 1560 944 nomine,
1574 913 1621 939 sed

982 956 1059 981 etiam
1079 956 1145 981 sacto
1164 955 1198 982 ib.
1216 956 1250 981 46
1269 971 1304 975 ——
1318 957 1503 989 interpretatur
1515 957 1622 990 requies

982 998 1016 1026 ib.
1036 999 1069 1025 45

1036 1058 1069 1062 -
1083 1044 1194 1070 salvavit
1205 1051 1297 1070 semen
1310 1045 1446 1071 hominum
1460 1053 1507 1078 per
1520 1046 1621 1077 lignum

983 1088 1026 1114 Vll
1047 1087 1097 1113 440
1119 1088 1151 1113 46
1172 1102 1205 1107 -
1233 1095 1320 1114 arcam
1351 1089 1488 1115 fabricavit
1506 1089 1567 1116 ibid.
1586 1104 1622 1109 —

983 1131 1109 1157 beneflcio
1129 1132 1273 1164 sapientiae
1292 1133 1357 1159 inter
1369 1140 1499 1166 aquarum
1514 1134 1623 1160 inunda-

983 1176 1066 1202 tiones
1083 1183 1097 1201 a
1117 1175 1299 1202 submersione
1317 1177 1442 1203 liberatus
1460 1181 1500 1203 est.
1518 1178 1551 1203 Vl
1574 1179 1622 1203 172

983 1227 1010 1246 ν.
1029 1221 1054 1253 2,
1075 1220 1090 1246 4
1109 1235 1144 1239 -
1163 1221 1281 1252 Tempus
1300 1221 1353 1247 Noe
1381 1225 1436 1247 erat
1464 1222 1622 1254 principium

983 1265 1115 1291 secundae
1133 1265 1224 1291 aetatis
1243 1266 1335 1291 mundi
1366 1266 1415 1291 497
1435 1273 1461 1292 v.
1481 1267 1496 1291 6
1517 1280 1549 1284 —
1570 1267 1623 1292 Noe

983 1316 1044 1335 cum
1063 1313 1165 1341 septem
1185 1309 1242 1335 aliis
1260 1312 1316 1335 erat
1334 1316 1395 1342 spes
1408 1309 1480 1336 orbis
1494 1313 1622 1336 terrarum

983 1353 1046 1380 ibid.

1035 1399 1124 1424 Nonam
1143 1413 1178 1416 —
1198 1398 1243 1424 Dei
1263 1398 1386 1424 scribitur
1402 1405 1483 1430 super
1495 1398 1586 1434 iustos,
1600 1401 1625 1424 et

982 1449 1061 1468 nemo
1080 1443 1136 1473 scit,
1156 1442 1204 1468 nisi
1223 1443 1269 1476 qui
1287 1443 1382 1475 accipit
1401 1443 1443 1468 Vll
1465 1443 1497 1468 36
1519 1443 1569 1468 412
1588 1457 1623 1460 -

984 1487 1028 1513 Dei
1041 1487 1222 1513 invocandum
1235 1490 1261 1513 et
1273 1487 1455 1513 venerandum
1470 1489 1509 1513 est
1519 1487 1552 1513 37
1568 1486 1625 1512 147.

982 1532 1016 1557 39
1037 1532 1082 1557 421
1107 1546 1142 1550 -—
1163 1532 1206 1557 Dei
1226 1534 1265 1557 est
1289 1530 1444 1557 admirabile
1466 1532 1499 1557 38
1522 1532 1565 1557 421
1589 1546 1624 1550 -

984 1576 1041 1607 Dei,
1061 1583 1121 1601 cum
1142 1576 1166 1601 in
1180 1583 1208 1601 se
1221 1583 1327 1607 semper
1339 1576 1372 1601 sit
1384 1578 1517 1608 sanctum,
1529 1576 1625 1607 triplici

983 1619 1073 1644 notitia
1092 1620 1268 1645 sanctificatur
1287 1620 1314 1644 in
1326 1619 1403 1645 nobis
1417 1621 1468 1645 280
1484 1620 1510 1645 44
1529 1633 1564 1639 —-
1578 1620 1624 1645 Dei

984 1662 1062 1688 habet
1080 1666 1193 1695 quatuor
1212 1663 1375 1689 conditiones
1395 1663 1445 1688 456
1466 1664 1499 1689 23

1036 1720 1071 1724 -
1089 1706 1144 1731 Filii
1163 1710 1356 1732 consueverunt
1374 1707 1499 1738 appellari
1519 1707 1625 1732 nomine

983 1757 1091 1775 suorum
1104 1753 1208 1782 patrum
1220 1751 1262 1776 Vll
1274 1750 1307 1776 35
1322 1751 1372 1775 408
1387 1764 1421 1768 -
1434 1750 1511 1782 Apud
1523 1755 1624 1782 patrem

984 1794 1117 1820 residebat
1144 1794 1286 1820 auctoritas
1310 1794 1463 1820 nominandi
1489 1794 1570 1819 fllium
1591 1795 1624 1819 36

989 1839 1030 1863 141
1056 1852 1089 1856 -—
1108 1839 1216 1864 Nomina
1236 1845 1358 1871 expressa
1382 1839 1407 1864 in
1436 1837 1564 1870 gradibus
1583 1845 1626 1870 ge-

984 1883 1119 1914 nealogiae
1136 1882 1231 1909 Christi
1249 1882 1397 1918 significant
1415 1882 1570 1915 mysterium
1591 1882 1624 1908 87

984 1927 1027 1958 62,
1047 1927 1079 1952 63

1036 1985 1071 1990 -
1090 1971 1199 1998 credere
1218 1971 1244 1997 in
1273 1971 1379 1997 nomine
1404 1974 1443 1997 est
1470 1971 1579 1998 credere
1597 1971 1625 1997 in

983 2023 1012 2042 re
1030 2016 1145 2042 nominis
1164 2016 1197 2041 Vl
1226 2016 1277 2042 252
1298 2016 1332 2042 27
1351 2030 1386 2035 -
1405 2016 1478 2041 avari
1497 2023 1550 2042 non
1569 2022 1625 2048 per-

983 2059 1099 2086 manebit
1118 2060 1146 2085 54
1171 2067 1198 2086 v.
1218 2059 1234 2085 5
1252 2074 1288 2079 —
1305 2059 1407 2086 bonum
1420 2063 1460 2086 est
1473 2061 1541 2085 tama
1555 2059 1625 2085 bona

983 2104 1017 2131 55
1036 2111 1064 2131 v,
1086 2106 1101 2130 2
1119 2118 1156 2124 -
1179 2104 1248 2131 Cura
1276 2104 1392 2137 gerenda
1417 2107 1457 2130 est
1481 2111 1529 2136 pro
1555 2103 1625 2130 bono

982 2149 1089 2175 nomine
1116 2148 1260 2174 obtinendo
1287 2147 1349 2175 ibid.
1377 2162 1413 2167 —
1441 2148 1540 2174 bonum
1572 2155 1624 2173 non

982 2196 1069 2225 potest
1087 2193 1182 2218 auferri
1200 2193 1257 2225 sine
1275 2195 1384 2224 peccato
1403 2192 1438 2218 84
1456 2200 1483 2225 q.

1036 2251 1071 2255 —
1090 2236 1243 2262 mutabatur
1270 2236 1297 2262 in
1320 2237 1449 2262 virtutum
1477 2236 1626 2262 incitamen-

983 2283 1039 2307 tum
1059 2281 1092 2306 Vl
1112 2280 1164 2306 265
1184 2281 1218 2306 88
1237 2294 1273 2299 -
1291 2280 1430 2307 Christiani
1455 2283 1494 2306 est
1514 2280 1627 2306 maxime

982 2325 1017 2350 ad
1037 2325 1161 2351 virtutem
1180 2324 1346 2350 incitativum
1365 2323 1427 2350 ibid.

1037 2369 1150 2395 Nou-sus
1167 2383 1203 2387 —
1223 2369 1328 2395 Vanum
1347 2375 1412 2394 vero
1425 2368 1577 2400 oppositum
1591 2367 1627 2393 di-

983 2413 1050 2439 citur
1069 2420 1180 2439 non-ens
1198 2413 1231 2438 Vt
1259 2412 1276 2437 7
1295 2420 1323 2446 q.
1343 2413 1358 2438 2
1377 2425 1413 2431 -
1431 2412 1568 2438 Chimaera
1588 2414 1627 2437 est

983 2464 1091 2483 non-ens
1110 2456 1173 2484 ibid.

1037 2503 1155 2528 Nosrmm
1175 2516 1210 2520 ——
1229 2501 1323 2527 dicitur
1347 2501 1419 2535 quod
1448 2508 1463 2526 a
1487 2500 1564 2526 nobis
1588 2503 1628 2526 est

983 2547 1143 2579 acquisitum
1163 2546 1196 2572 Vl
1216 2546 1268 2572 344
1288 2547 1321 2571 26

1038 2591 1165 2616 Novissutu
1184 2604 1219 2608 —
1238 2590 1303 2616 flunt
1321 2590 1401 2622 primi
1420 2592 1529 2622 propter
1543 2589 1627 2615 humi-

984 2634 1081 2659 litatem
1102 2634 1143 2660 Vtt
1164 2634 1215 2659 353
1235 2635 1270 2660 62

1038 2678 1148 2704 Novius
1165 2692 1200 2696 —
1220 2678 1286 2703 Nihil
1306 2677 1385 2704 habet
1412 2677 1558 2703 novitatem
1578 2683 1626 2702 1188

985 2724 1114 2752 quantum
1134 2721 1167 2746 ad
1187 2728 1244 2746 esse
1263 2728 1311 2747 nec
1329 2725 1457 2754 quantum
1470 2721 1504 2747 ad
1523 2721 1579 2746 fleri
1594 2721 1626 2746 Vl

988 2764 1019 2788 46
1033 2770 1060 2788 v.
1079 2764 1095 2788 9
1110 2777 1142 2782 —-
1156 2765 1269 2789 Affectus
1288 2767 1375 2790 noster
1387 2772 1440 2790 non
1454 2765 1540 2791 statim
1561 2765 1627 2790 dele-

986 2809 1070 2832 ctatur
1098 2807 1124 2832 in
1149 2807 1225 2833 novis
1249 2809 1398 2841 servandis,
1423 2808 1473 2834 nisi
1493 2809 1626 2841 paulative

987 2851 1179 2877 manuducatur
1200 2852 1241 2877 Vll
1263 2851 1312 2877 434
1332 2852 1366 2877 85

1040 2895 1092 2921 Nox
1110 2910 1145 2913 —
1164 2898 1204 2921 est
1228 2897 1291 2921 hora
1316 2896 1403 2929 quieta
1432 2897 1464 2923 Vl
1485 2897 1535 2922 278
1557 2898 1572 2922 3
1591 2910 1627 2916 -

986 2939 1046 2966 data
1065 2942 1104 2965 est
1122 2939 1155 2965 ad
1169 2939 1360 2972 quiescendum
1380 2940 1431 2966 224
1446 2948 1471 2967 ν.
1494 2940 1525 2966 44
1539 2956 1574 2959 -
1587 2944 1627 2967 851

987 2985 1050 3010 hora
1070 2983 1266 3009 malefactorum
1286 2983 1336 3009 278
1357 2984 1372 3009 5
1391 2998 1427 3004 -
1445 2987 1484 3010 est
1503 2992 1625 3017 expressa

986 3027 1189 3060 repraesentatio
1209 3026 1375 3053 tenebrarum
1389 3032 1554 3055 aeternarum
1574 3030 1620 3055 221

987 3079 1013 3097 ν.
1033 3073 1065 3097 20

1041 3130 1074 3134 -
1093 3118 1133 3142 est
1151 3119 1255 3148 tempus
1273 3115 1350 3147 Legis
1369 3116 1401 3141 Vl
1423 3116 1468 3141 524
1494 3117 1527 3142 42
1546 3131 1581 3136 —
1600 3117 1626 3142 in

986 3167 1037 3194 qua
1059 3160 1128 3186 Deus
1146 3167 1198 3185 non
1218 3162 1342 3191 operatur
1360 3163 1469 3192 propter
1487 3168 1535 3186 nos
1554 3164 1580 3186 et
1599 3161 1624 3187 in

987 3204 1077 3237 nobis,
1097 3204 1169 3230 venit
1188 3207 1247 3236 post
1265 3203 1336 3229 diem
1355 3206 1500 3230 extremum
1521 3205 1573 3230 375
1594 3206 1626 3230 46

986 3262 1020 3267 —-
1034 3248 1152 3274 Christus
1170 3255 1223 3274 non
1241 3247 1373 3273 invenitur
1391 3248 1417 3273 in
1436 3252 1512 3275 nocte
1534 3249 1626 3281 culpae

987 3292 1038 3318 572
1058 3293 1073 3317 2

1040 3336 1123 3362 Nunss
1140 3351 1175 3355 —
1195 3343 1225 3362 ex
1250 3342 1350 3368 vapore
1379 3336 1502 3368 grossiori
1531 3339 1556 3362 et
1584 3337 1627 3363 de-

988 3380 1112 3412 pressiori
1132 3380 1247 3407 consistit
1266 3381 1299 3406 Vl
1320 3380 1370 3406 420
1389 3387 1416 3406 ν.
1436 3381 1451 3406 3
1470 3394 1505 3400 —-
1518 3381 1577 3407 Post
1590 3389 1627 3408 re·

1947 296 2008 322 NUP

1652 340 1807 365 solutionem
1832 339 1910 366 nubis
1935 347 1986 365 non
2014 344 2124 373 apparet
2142 341 2199 366 eius
2218 342 2293 367 vesti-

1653 384 1726 415 gium
1746 383 1809 410 ibid.
1828 398 1862 402 —-
1881 384 2028 416 significant
2040 385 2235 416 praedicatores
2253 385 2297 411 bo-

1653 434 1702 453 nos
1721 428 1754 453 90
1774 435 1799 453 ν.
1825 428 1842 453 7
1866 441 1901 447 -
1929 428 2059 460 significat
2086 428 2296 455 blandimentum

1654 472 1811 497 adulationis
1829 471 1892 498 ibid.
1910 486 1946 492 —
1973 472 2105 504 significat
2129 472 2295 499 obstaculum

1655 516 1757 548 gratiae
1776 517 1827 542 420
1846 524 1873 541 v.
1893 517 1909 541 5

1708 574 1744 579 —
1762 567 1775 585 a
1796 561 1850 586 Deo
1869 567 1917 592 per
1936 561 2026 592 Angeli
2041 560 2215 586 ministerium
2235 561 2295 587 data

1656 607 1740 629 castra
1769 603 1950 630 Hebraeorum
1978 603 2157 630 obumbrabat
2189 605 2220 629 Vl
2246 605 2296 630 229

1657 655 1683 673 ν.
1702 647 1718 672 7
1737 661 1772 666 -·
1791 648 1932 681 aliquando
1951 648 2128 680 praecedebat
2141 648 2207 674 filios
2221 648 2297 674 lsrael

1658 691 1682 716 in
1702 691 1828 717 ducatum
1846 692 2013 723 directionis,
2041 692 2181 725 aliquando
2205 698 2296 724 seque·

1658 735 1735 761 batur
1748 735 1772 760 in
1787 736 1947 767 praesidium
1961 736 2144 768 protectionis,
2157 735 2298 768 aliquando

1658 778 1743 804 stabat
1762 779 1788 804 in
1807 779 1913 811 signum
1933 780 2076 805 mansionis
2095 779 2146 805 540
2166 780 2181 805 3

1713 837 1748 841 —
1767 823 1879 855 Spiritus
1897 827 2004 849 sanctus
2022 824 2146 856 apparuit
2164 824 2189 849 in
2213 823 2298 855 figura

1658 867 1736 893 nubis
1754 867 1798 892 Vll
1818 867 1851 892 84
1871 867 1905 893 54
1924 882 1959 885 -
1978 871 2017 893 851
2036 868 2142 893 divinae
2156 867 2299 894 maiestatis

1658 911 1790 937 ostensiva
1810 911 1862 936 237
1881 911 1914 936 63
1935 925 1970 929 -
1989 915 2029 937 851
2053 912 2180 938 iudicium
2210 918 2300 944 super-

1658 962 1708 981 nae
1726 955 1825 987 gloriae
1844 958 1869 980 et
1896 955 2036 981 maiestatis
2055 954 2116 981 ibid.
2135 970 2170 975 —
2189 956 2237 981 Per
2256 963 2301 982 nu-

1659 999 1720 1025 bem
1740 999 1909 1031 spiritualiter
1927 999 2034 1031 intelligi
2054 1002 2139 1031 potest
2152 1006 2213 1025 caro
2227 999 2300 1025 Chri-

1659 1044 1692 1069 sti
1719 1044 1808 1069 multis
1836 1043 1982 1069 rationibus
2007 1042 2041 1069 ib.
2070 1043 2111 1068 64.
2141 1043 2193 1068 334
2213 1044 2246 1068 82
2265 1057 2301 1062 -

1660 1088 1796 1120 Apparitio
1815 1087 1892 1113 nubis
1910 1087 1944 1113 ab
1963 1094 2058 1123 occasu
2075 1087 2195 1119 designat
2207 1086 2301 1112 Christi

1660 1139 1767 1158 carnem
1786 1134 1968 1164 resurgentem
1994 1134 2020 1156 et
2043 1130 2229 1157 ascendentem
2249 1130 2300 1155 334

1660 1178 1694 1202 82
1713 1190 1748 1196 —-
1772 1177 1819 1202 Ρ81
1847 1176 1946 1202 nubem
1972 1176 2118 1201 venientem
2144 1174 2178 1201 ab
2206 1182 2301 1201 occasu

1660 1221 1810 1252 intelligitur
1828 1221 1904 1246 dolor
1922 1220 2132 1252 compunctionis
2151 1218 2184 1246 ib.
2205 1220 2238 1245 83

1714 1265 1824 1291 Num-ms
1842 1279 1877 1284 —
1895 1265 1965 1290 vitae
1984 1264 2123 1290 comitatur
2150 1264 2302 1290 caecitatem

1661 1309 1754 1341 culpae
1772 1309 1806 1335 Vl
1827 1309 1878 1335 579
1899 1309 1914 1335 4

1714 1353 1835 1379 Nummus
1852 1368 1888 1372 —-
1907 1354 1978 1379 idem
1998 1356 2037 1379 est
2056 1353 2129 1386 quod
2148 1352 2250 1385 species
2269 1352 2303 1377 vt

1663 1397 1713 1422 482
1733 1404 1759 1422 ν.
1780 1399 1808 1423 21
1832 1412 1868 1416 -
1885 1401 1925 1423 851
1943 1401 2013 1423 certa
2032 1398 2144 1431 qualitas
2157 1400 2301 1428 creaturae,

1661 1448 1714 1475 qua
1733 1441 1767 1467 ab
1787 1442 1835 1467 alia
1855 1442 2014 1474 disiungitur
2027 1441 2090 1468 ibid.
2104 1456 2137 1460 —
2152 1442 2177 1466 111
2191 1447 2302 1474 numero

1661 1486 1800 1518 respicitur
1828 1486 1959 1519 quantitas
1978 1485 2042 1512 ibid.
2066 1500 2102 1504 —-
2129 1487 2241 1511 retertur
2267 1483 2301 1510 ad

1662 1531 1817 1563 sapientiam
1845 1530 1992 1563 ordinantis
2021 1529 2084 1556 ibid.
2106 1544 2143 1549 —
2167 1530 2237 1555 Deus
2265 1531 2304 1554 est

1662 1582 1789 1601 numerus
1807 1575 1864 1600 sine
1891 1582 2002 1600 numero
2026 1574 2097 1600 omni
2122 1574 2159 1600 rei
2187 1573 2302 1605 speciem

1661 1619 1791 1651 praebens
1811 1618 1873 1645 idid.
1892 1632 1927 1638 -—
1947 1619 2017 1644 Deus
2035 1619 2123 1644 omnia
2142 1618 2167 1643 in
2194 1624 2304 1643 numero

1661 1663 1791 1694 disposuit
1810 1666 1898 1688 contra
1918 1662 2012 1696 vitium
2036 1662 2222 1694 singularitatis
2241 1660 2303 1687 ibid.

1723 1719 1759 1725 ·-
1789 1706 1999 1738 quinquenarius
2035 1707 2155 1738 quinque
2185 1705 2305 1736 corporis

1662 1756 1755 1775 sensus
1779 1750 1909 1780 signiticat
1937 1750 1979 1774 Vll
2008 1749 2057 1774 423
2078 1749 2111 1774 58
2131 1763 2166 1768 —
2185 1749 2304 1774 senarius

1662 1796 1701 1818 est
1720 1793 1823 1824 primus
1842 1800 1968 1818 numerus
1993 1794 2172 1824 perfectorum
2198 1793 2244 1817 231
2271 1791 2304 1817 47

1662 1851 1697 1855 --
1716 1838 1764 1863 Per
1777 1844 1918 1862 numerum
1932 1837 2025 1863 decem
2038 1837 2167 1863 indicatur
2180 1836 2306 1868 perfectio

1662 1884 1688 1906 et
1712 1882 1866 1908 sufficientia
1898 1881 1948 1906 479
1974 1882 2006 1907 49
2035 1895 2070 1900 -
2099 1880 2241 1907 duodecim
2267 1883 2307 1906 est

1662 1926 1765 1958 primus
1784 1933 1911 1952 numerus
1930 1925 2068 1952 abundans
2083 1925 2128 1951 441
2148 1925 2180 1951 29
2194 1940 2227 1944 -
2242 1925 2305 1951 duo-

1663 1970 1750 1996 decim
1769 1971 1900 2003 signiiicat
1923 1970 2111 1996 abundantiam
2137 1969 2306 2002 perfectionis

1663 2015 1747 2041 meriti
1766 2014 1828 2042 ibid.
1847 2030 1882 2034 —
1902 2015 2081 2041 duodenarius
2094 2018 2133 2041 est
2146 2014 2247 2046 primus
2260 2020 2305 2039 nu-

1663 2066 1753 2086 merus
1776 2059 1915 2086 abundans
1943 2059 1995 2085 224
2014 2059 2048 2085 27
2073 2073 2109 2079 -
2128 2058 2227 2091 Viginti
2246 2060 2304 2084 octo

1662 2107 1702 2130 est
1720 2111 1847 2130 numerus
1866 2104 1997 2136 perfectus
2016 2104 2050 2129 vt
2069 2104 2102 2129 32
2122 2111 2149 2136 q.

1715 2162 1750 2166 —
1769 2148 2008 2181 quinquagesimus
2026 2150 2065 2173 est
2077 2154 2204 2174 numerus
2217 2146 2306 2172 remis-

1663 2192 1744 2218 sionis
1763 2192 1808 2218 Vll
1828 2193 1879 2218 603
1899 2193 1933 2218 62
1946 2206 1981 2211 -
1994 2192 2233 2225 quinquagesimus
2246 2197 2305 2217 con-

1664 2236 1749 2262 ficitur
1768 2242 1798 2261 ex
1825 2239 1927 2268 septem
1956 2236 2112 2268 septenariis
2131 2235 2193 2262 ibid.
2213 2249 2249 2255 —
2268 2242 2306 2261 se-

1664 2280 1853 2311 ptuagenarius
1872 2280 2007 2312 consurgit
2025 2287 2056 2306 ex
2075 2279 2305 2313 quinquagenario

1663 2324 1760 2349 additis
1778 2324 1885 2355 viginti,
1905 2327 1931 2349 et
1949 2324 2069 2356 designat
2087 2325 2191 2356 plenam
2214 2324 2306 2350 remis—

1663 2367 1764 2392 sionem
1785 2367 1835 2392 406
1857 2368 1889 2392 40
1908 2381 1944 2387 -
1962 2368 2128 2400 septuaginta
2147 2369 2201 2395 duo
2227 2368 2306 2394 conti-

1663 2414 1708 2437 net
1726 2412 1751 2436 in
1778 2418 1806 2437 se
1834 2411 1930 2444 septies
1958 2412 2095 2438 denarium
2125 2417 2150 2439 et
2174 2413 2304 2439 binarium

1664 2455 1715 2481 253
1736 2456 1751 2481 2
1770 2469 1805 2475 -
1824 2459 1930 2482 centum
1958 2457 2149 2490 quinquaginta
2169 2461 2220 2483 tres
2248 2464 2306 2489 per-

1665 2500 1803 2526 fectionem
1831 2500 1960 2531 significat
1988 2501 2021 2527 Vl
2042 2502 2093 2527 522
2113 2502 2141 2527 24
2166 2515 2201 2521 -
2219 2504 2305 2527 881118·

1663 2544 1752 2570 narius
1780 2547 1819 2570 est
1846 2546 1978 2576 perfectus
2008 2550 2116 2578 propter
2146 2546 2304 2572 reditionem

1664 2588 1764 2614 denarii
1784 2595 1863 2620 supra
1883 2595 1911 2614 se
1929 2589 2016 2621 ipsum
2039 2591 2079 2616 Vll
2100 2590 2151 2616 384
2172 2591 2187 2615 8
2212 2604 2241 2608 -
2261 2597 2305 2615 110-

1663 2632 1786 2657 venarius
1805 2633 1931 2664 competit
1949 2634 2125 2666 designationi
2139 2634 2242 2660 numeri
2256 2635 2304 2659 An-

1664 2676 1784 2708 gelorum
1804 2679 1911 2708 propter
1930 2678 2072 2703 ternarium
2093 2678 2250 2709 triplicatum
2270 2676 2303 2702 ib.

1664 2720 1697 2745 40
1716 2733 1752 2738 -
1770 2719 2012 2752 quinquagenarius
2031 2721 2166 2753 consurgit
2178 2728 2208 2746 ex
2222 2723 2305 2752 septe-

1663 2763 1737 2789 nario
1764 2769 1845 2795 super
1873 2770 1901 2789 se
1932 2764 2019 2796 ipsum
2048 2766 2186 2798 replicato,
2215 2764 2303 2790 addita

1664 2808 1762 2834 unitate
1782 2807 1832 2832 406
1862 2808 1894 2833 40
1914 2823 1948 2826 -
1970 2809 2213 2843 quinquagenarius
2239 2808 2305 2834 desi-

1664 2855 1727 2884 gnat
1739 2851 1921 2877 remissionem
1934 2853 2094 2885 septiformis
2111 2853 2305 2879 misericordiae

1664 2895 1725 2922 ibid.

1719 2941 1823 2966 Nummos
1841 2953 1876 2959 —
1895 2945 2025 2973 quaerunt
2044 2942 2090 2975 qui
2103 2942 2211 2968 terrenis
2225 2940 2305 2968 rebus

1665 2984 1817 3011 deserviunt
1836 2984 1868 3009 Vl
1889 2984 1940 3009 274
1960 2985 1993 3011 25

1717 3029 1828 3054 Nummus
1847 3041 1882 3047 —
1900 3028 1957 3053 Non
1974 3032 2034 3055 sunt
2046 3030 2235 3056 contemnenda
2249 3036 2306 3055 ver-

1664 3073 1697 3099 ba
1717 3072 1868 3098 nuntiorum
1889 3072 1933 3097 Dei
1953 3072 1996 3098 Vll
2017 3073 2049 3098 48
2069 3074 2103 3099 32
2116 3088 2150 3093 --
2164 3074 2227 3100 boni
2243 3073 2305 3099 flde-

1662 3117 1719 3142 liter
1747 3119 1772 3142 ct
1802 3116 1926 3141 velociter
1954 3121 2131 3149 exsequuntur
2163 3117 2304 3150 imperium

1664 3161 1765 3187 domini
1784 3159 1835 3186 246
1856 3160 1888 3184 96
1908 3174 1943 3178 —-
1962 3160 2091 3192 Sapientis
2109 3162 2190 3188 nuntii
2210 3164 2249 3188 est
2267 3168 2305 3187 re·

1664 3212 1761 3237 sponsa
1781 3207 1850 3230 certa
1868 3205 1966 3229 referre
1985 3204 2018 3229 Vl
2038 3205 2089 3230 257
2110 3205 2142 3231 48
2217 3203 2220 3205 ’

1718 3249 1829 3281 Nur-rme
1842 3261 1877 3267 —
1890 3248 2044 3279 Nuptiarum
2058 3249 2233 3280 corporalium
2248 3256 2306 3275 san-

1664 3293 1744 3320 ctitati
1764 3295 1906 3324 attestatur,
1925 3292 1997 3325 quod
2010 3292 2079 3318 Deus
2092 3299 2137 3318 eas
2151 3293 2304 3319 auctoritate

1665 3337 1772 3370 propria
1800 3337 1828 3362 in
1851 3336 1975 3369 paradiso
2004 3336 2111 3362 instituit
2136 3340 2161 3363 ct
2187 3337 2211 3363 in
2237 3340 2304 3363 terra

1665 3388 1712 3408 sua
1727 3380 1873 3413 praesentia
1892 3381 2055 3407 consecravit
2073 3384 2098 3407 et
2117 3381 2304 3407 miraculorum
