2476 3921
12 310 106 335 :tentatio
117 308 154 330 eli-

29 339 84 360 ditur
99 341 137 364 per

13 364 151 391 scripturam.

13 407 14 441 l
25 415 153 447 0011111010)-

56 443 119 465 rabis.

13 446 14 461 1

13 464 14 479 l

13 484 14 500 1

12 504 14 530 l

11 817 13 957 1

10 1143 58 1189 {Deo
67 1159 105 1190 spii
114 1165 158 1181 sei·-

10 1201 11 1207 ,
64 1192 115 1208 vies.

9 1244 10 1300 i
40 1266 86 1288 Non
99 1266 154 1288 aliis.

8 1487 9 1495 1
26 1480 71 1502 Non
85 1480 155 1502 idolis.

7 1803 10 1815 ³
18 1799 63 1821 Non
70 1802 164 1827 pec-cato.

28 1958 73 1980 Non
87 1959 164 1981 ventri.

772 208 965 240 COMMENT.
992 207 1027 239 ΙΝ
1052 207 1290 240 EVANGELIUM
1316 208 1432 241 LUCAE
1457 209 1488 241 C.
1516 209 1561 240 lv.

170 302 295 334 sionem
317 299 545 337 dominicam,
570 307 651 340 quae
687 306 743 339 per
780 296 994 330 testimonium
1026 304 1134 328 sacrae

170 354 353 396 Scripturae
390 352 478 386 elidit
512 351 696 384 diabolicam
734 350 927 388 suasionem,
968 358 1041 382 cum
1075 349 1134 381 ait:

173 408 341 450 Scriptum
372 411 440 439 est.-
476 405 655 438 Dominum
690 404 792 436 Deum
830 408 926 436 tuum
963 402 1133 436 adorabis.

172 462 248 500 Hoc,
272 461 419 502 inquam,
444 458 599 500 scriptum
623 460 671 491 est
695 457 931 490 Deuteronomii
948 457 1074 489 sext01.
1101 456 1136 488 Et

171 514 284 548 merito
308 513 489 555 scripturae
521 511 618 544 huius
649 510 835 544 recordatur
860 510 1018 549 Salvator,
1043 509 1135 552 quia,

171 566 344 601 secundum
362 565 440 598 illud
456 564 611 598 secundae
624 563 662 596 ad
675 563 874 596 Timotheum
889 562 991 602 tertio,
1010 562 1137 595 «omnis

172 620 352 662 Scriptura,
369 617 520 651 divinitus
535 617 702 659 inspirata,
719 616 806 649 utilis
821 620 869 649 est
885 616 924 648 ad
947 615 1136 654 docendum,

171 673 368 716 arguendum
400 675 432 705 et
456 670 692 713 corripiendum
710 684 741 709 »,
765 673 797 703 et
826 670 879 702 illa
903 669 1080 711 potissime,
1105 669 1136 701 in

172 736 235 769 qua
257 725 431 758 attenditur
453 724 581 757 divinus
604 723 719 757 cultus.
750 722 836 756 Unde
860 726 891 756 et
915 723 1067 755 Dominus
1090 722 1137 754 di-

172 779 256 812 citur
280 778 444 820 scripsisse
480 779 590 820 Legem
622 777 720 819 digito
744 776 887 818 proprio,
916 776 1011 808 Exodi
1043 776 1138 818 trige-

172 833 252 866 simo
276 831 413 865 secundo
427 832 450 870 ²,
475 831 506 864 in
536 840 600 873 qua
631 833 835 875 praeceptum
867 829 1059 862 adorationis
1091 833 1138 862 est

173 886 312 928 primum
336 888 368 918 et
390 884 599 926 praecipuum
623 888 653 916 et
677 884 819 916 maxime
834 884 865 916 in
890 886 995 917 mente
1020 883 1138 916 haben-

173 939 258 972 dum.
284 938 370 971 Unde
405 938 529 971 Baruch
553 941 661 970 sexto:
691 950 707 965 «
724 937 796 970 Visa
822 937 916 970 turba
938 937 1137 970 adorantium

173 995 244 1025 ante
268 996 299 1025 et
323 994 426 1030 retro,
450 991 543 1023 dicite
567 990 598 1022 in
616 990 765 1023 cordibus
790 991 922 1023 vestris:
948 991 990 1023 Te
1013 993 1138 1032 oportet

173 1045 308 1084 adorari,
333 1044 464 1077 Domine
481 1058 511 1083 n,
536 1046 566 1076 te
590 1044 709 1076 scilicet
732 1047 763 1076 et
787 1053 850 1076 non
882 1043 990 1076 alium.

267 1101 316 1132 17.
343 1099 378 1131 Et
402 1098 470 1131 ideo
494 1097 638 1130 additur:
667 1098 704 1129 Et
735 1097 785 1129 illi
806 1096 869 1129 soli
890 1097 1030 1136 servies,
1056 1096 1137 1130 scili-

174 1156 223 1187 cet
246 1152 398 1186 servitute
416 1151 556 1189 latriam
574 1151 667 1193 primi
685 1151 804 1192 Regum
821 1150 954 1192 septimo
967 1150 994 1182 8;
1018 1163 1032 1178 α
1047 1150 1137 1183 Prae-

174 1210 281 1249 parate
317 1205 411 1239 corda
446 1208 551 1238 vestra
585 1204 717 1237 Domino
750 1207 780 1236 et
804 1203 920 1237 servite
956 1203 998 1235 illi
1032 1203 1087 1236 soli
1106 1216 1136 1234 ».

176 1260 272 1294 Solus
296 1269 359 1292 non
382 1258 524 1292 excludit
558 1258 600 1290 ibi
633 1267 759 1290 omnem
791 1266 957 1299 personam
991 1259 1137 1299 respectu

175 1314 404 1355 cuiuscumque
428 1312 565 1351 servitii,
583 1321 656 1344 cum
672 1311 796 1344 dicatur
812 1311 851 1343 ad
867 1310 990 1343 Galatas
1007 1310 1136 1353 quinto:

179 1380 195 1396 «
212 1367 269 1400 Per
292 1366 453 1399 caritatem
470 1365 601 1407 spiritus
618 1365 733 1397 servite
758 1364 891 1397 invicem
909 1376 940 1403 »;
958 1363 1012 1396 sed
1028 1363 1139 1396 exclu-

175 1420 219 1454 dit
243 1422 396 1462 quantum
414 1418 453 1451 ad
473 1418 658 1451 servitutem
677 1417 816 1456 latriae,
833 1426 915 1459 quae
932 1420 979 1449 est
1001 1429 1017 1445 (ε
1033 1416 1139 1449 01111115

176 1474 232 1508 5011
256 1474 320 1507 Deo
343 1473 468 1506 debitus
484 1486 514 1504 ι).
542 1491 583 1495 -
608 1472 663 1504 Vel
687 1471 829 1505 excludit
852 1471 980 1504 servitia
995 1471 1064 1503 aliis
1080 1471 1139 1503 im-

176 1537 272 1570 pensa
296 1537 358 1560 non
378 1530 515 1569 propter
539 1526 658 1564 Deum,
683 1525 737 1558 sed
760 1530 879 1558 contra
904 1525 1023 1563 Deum,
1048 1524 1139 1566 quasi

177 1579 276 1614 dicat:
302 1581 344 1613 illi
370 1580 426 1613 soli
451 1584 481 1613 et
505 1589 567 1612 non
592 1579 710 1617 idolis;
734 1579 772 1612 de
796 1588 860 1621 quo
876 1578 996 1621 primae
1021 1578 1059 1611 ad
1083 1578 1140 1610 Co-

177 1634 311 1667 rinthios
346 1634 500 1676 quinto4:
540 1646 554 1661 «
583 1632 613 1665 Si
647 1632 718 1675 quis
753 1632 936 1665 nominatur
971 1632 1053 1665 inter
1086 1640 1141 1664 vos

176 1688 364 1725 fornicator,
389 1689 445 1719 aut
467 1694 597 1724 avarus,
622 1690 677 1718 aut
693 1685 783 1718 idolis
799 1684 958 1723 serviens,
983 1693 1056 1717 cum
1080 1684 1141 1717 hu-

176 1736 310 1774 iusmodi
342 1749 399 1773 nec
431 1740 536 1773 cibum
572 1747 698 1772 sumere
715 1752 744 1770 ».
771 1738 820 1770 Sic
844 1738 983 1770 servitur
1007 1738 1139 1771 diabolo.

179 1813 220 1819 —-
245 1785 309 1827 Non
334 1794 429 1826 etiam
460 1797 613 1835 peccato,
646 1792 700 1825 sed
735 1791 890 1830 iustitiae;
915 1791 954 1823 ad
988 1791 1141 1824 Romanos

178 1847 311 1881 sexto⁵z
342 1847 460 1879 «Sicut
483 1836 674 1879 exhibuistis
709 1845 853 1878 membra
887 1848 993 1878 vestra
1022 1845 1141 1877 servire

179 1900 394 1934 immunditiae
429 1903 459 1933 et
491 1899 648 1942 iniquitati
683 1898 722 1931 ad
746 1898 961 1941 iniquitatem,
991 1899 1033 1931 ita
1057 1907 1142 1931 nunc

179 1955 327 1988 exhibete
352 1953 495 1986 membra
526 1955 630 1985 vestra
647 1966 662 1981 »
691 1955 749 1985 etc.
780 1971 824 1975 —
848 1952 913 1984 Non
938 1951 1046 1984 ventri
1069 1960 1142 1993 pro-

179 2008 265 2050 prio3
290 2007 328 2040 ad
354 2007 506 2039 Romanos
529 2006 651 2039 decimo
675 2009 784 2039 sexto:
814 2018 830 2034 tt
847 2005 1031 2038 Huiusmodi
1059 2004 1142 2038 enim

179 2061 303 2094 Christo
328 2060 458 2093 Domino
482 2069 544 2092 non
579 2059 739 2098 serviunt,
765 2059 818 2092 sed
842 2059 944 2091 ventri
969 2068 1027 2091 suo
1043 2072 1074 2090 ».
1101 2077 1142 2082 —

253 2241 261 2256 ¹
284 2242 358 2266 Vers.
379 2241 426 2266 1l3:
447 2240 588 2266 Dominum
608 2241 692 2266 Deum
712 2243 787 2266 tuum
807 2239 912 2265 timebis
930 2243 955 2265 et
977 2239 1010 2265 illi
1031 2239 1143 2265 5011501·-

181 2287 246 2313 vies.
265 2299 300 2305 —·
321 2286 444 2318 Sequitur
472 2286 498 2311 ΙΙ.
528 2285 597 2311 Tim.
617 2286 647 2316 3,
671 2286 709 2310 16.
730 2299 762 2303 -—
783 2285 890 2310 Inferius
919 2291 967 2316 pro
995 2283 1142 2310 attenditur

183 2332 241 2356 Vat.
261 2330 381 2357 docetur.

253 2373 263 2388 ²
284 2376 358 2401 Vers.
380 2376 421 2401 15.
440 2382 505 2408 seq.‚
525 2375 570 2400 ubi
590 2375 698 2407 dicitur,
719 2375 824 2406 Moysen
848 2377 967 2406 portasse
985 2374 1052 2399 duas
1071 2372 1143 2399 tabu-

183 2422 220 2446 las
239 2420 378 2446 testimonii
408 2430 419 2443 α
433 2420 544 2452 scriptas
563 2427 594 2446 ex
614 2423 725 2452 utraque
744 2422 817 2452 parte
837 2422 862 2444 et
881 2420 960 2444 factas
982 2425 1063 2450 opere
1082 2418 1143 2449 Dei;

183 2464 311 2496 scriptura
332 2471 440 2497 quoque
460 2464 506 2489 Dei
534 2466 589 2489 erat
617 2464 718 2499 sculpta
737 2463 762 2488 in
782 2462 917 2488 tabulis».
941 2461 993 2488 Cfr.
1013 2457 1077 2487 ibi'd.
1096 2461 1143 2492 31,

185 2509 231 2534 48:
251 2509 382 2542 Deditque
401 2508 527 2535 Dominus
546 2508 655 2540 Moysi...
668 2508 735 2534 duas
748 2507 851 2533 tabulas
864 2507 1005 2533 testimonii
1018 2506 1144 2538 lapideas,

183 2553 293 2586 scriptas
312 2553 394 2586 digito
415 2554 471 2579 Dei.
490 2567 524 2571 —-
544 2552 662 2578 Subinde
680 2552 807 2584 allegatur
826 2552 977 2582 Barnous,
992 2551 1015 2576 5.

258 2596 268 2611 ³
287 2599 359 2624 Vers.
374 2599 399 2624 3.
412 2612 447 2617 —
461 2597 584 2630 Sequitur
597 2597 650 2623 Gal.
665 2598 693 2627 5,
709 2597 751 2623 43.
764 2597 817 2624 (111.
830 2597 914 2628 Beda,
929 2598 946 2622 1.
960 2596 985 2622 in
999 2597 1060 2622 Luc.
1075 2596 1105 2627 t,
1119 2596 1144 2622 8.

255 2641 267 2656 ⁴
286 2643 359 2669 Vers.
380 2644 422 2668 ll.

255 2685 266 2700 ⁶
287 2687 361 2713 Vers.
383 2688 428 2718 ⁴93
447 2686 512 2712 ibid.
536 2687 581 2717 116,
603 2687 643 2711 ’18-
665 2686 776 2712 habetur
795 2694 851 2720 seq.
872 2687 955 2712 locus.

255 2729 266 2744 ⁶
287 2732 360 2757 Vers.
381 2731 428 2762 413;
449 2733 607 2763 postquem
627 2731 667 2756 Ps.
689 2730 753 2763 ⁴42,
775 2731 816 2756 12.

255 2773 265 2789 ”
287 2770 361 2801 Vcrs.
382 2776 429 2806 ⁴2,
449 2774 494 2800 ubi
524 2782 573 2806 pro
598 2774 669 2801 dimit
698 2775 808 2808 Vulgata
836 2775 882 2802 ait.
901 2789 937 2794 —
961 2774 1068 2800 inferius
1097 2781 1146 2806 pro

182 2819 389 2854 persuasionem
408 2822 434 2845 et
457 2819 645 2852 persuasionis
675 2820 732 2846 Vat.
760 2820 915 2847 suasionem
944 2823 969 2845 et
995 2818 1145 2851 suasionis,

186 2871 254 2897 quae
273 2864 350 2890 etiam
370 2863 483 2889 subinde
503 2871 551 2896 pro
564 2864 669 2891 Psalmi
680 2864 783 2891 excutit
795 2864 928 2890 substituit
937 2863 1149 2897 psalmographi

186 2907 313 2935 excludit.
333 2909 381 2934 Pro
399 2908 504 2935 attende
523 2909 545 2934 D
563 2908 724 2935 attendenda
742 2911 821 2940 sunt,
842 2909 860 2935 E
878 2910 942 2935 sunl
960 2907 1090 2934 nota-ncta.

257 2951 268 2967 ⁸
287 2953 381 2979 1100111.
401 2953 426 2979 5.
449 2953 522 2987 (alias
541 2954 577 2986 6.)
598 2954 624 2979 in
643 2954 730 2980 Matth.
750 2953 810 2986 (Op.
823 2954 968 2985 imperfect.
984 2953 1050 2979 inter
1065 2960 1146 2985 opera

186 2997 339 3030 chrysost).
361 2998 408 3023 Pro
427 2997 474 3024 sed
488 2997 621 3032 patientia
639 2997 721 3025 CDG
750 3001 839 3024 contra
868 3000 966 3023 textum
990 2998 1146 3030 originalem

186 3041 233 3069 sed
249 3041 375 3076 potentia.
393 3056 429 3061 —
447 3043 538 3068 Glossa
558 3042 701 3070 ordinaria
720 3043 745 3068 in
765 3043 852 3073 Mattli.
867 3041 896 3073 4,
916 3042 947 3068 5:
964 3052 977 3065 «
992 3042 1070 3074 Nota,
1083 3044 1147 3068 haec

187 3086 275 3112 omnia
289 3085 423 3118 corporeis
441 3085 563 3113 sensibus
576 3094 633 3113 esse
647 3087 786 3118 completa.
805 3086 857 3112 Nec
876 3085 982 3118 mirum,
1002 3086 1024 3111 si
1042 3093 1071 3112 se
1091 3093 1147 3118 per-

188 3129 257 3155 misit
276 3129 453 3161 circumferri,
472 3130 494 3156 si
522 3130 560 3156 sic
583 3130 710 3162 accipitur
738 3130 879 3161 assumtio,
907 3130 954 3163 qui
982 3130 1101 3162 permisit
1119 3137 1148 3156 se

188 3174 330 3205 cruciligi»
363 3174 418 3207 (cfr.
448 3181 528 3206 supra
554 3181 616 3207 pag.
645 3175 693 3205 91,
722 3177 782 3200 nota
809 3174 854 3207 9.).
877 3173 1040 3206 Smaragdus
1065 3173 1148 3200 abbas

189 3218 292 3250 (claruit
309 3219 379 3244 circa
397 3226 440 3245 an.
459 3219 531 3253 824),
550 3219 698 3245 Collection.
719 3219 743 3245 in
764 3219 891 3251 Epistolas
904 3222 930 3245 et
942 3219 1051 3251 Evang„
1069 3225 1149 3250 expo-

188 3269 253 3288 nens
273 3263 386 3289 eundem
405 3263 492 3290 locum
512 3264 622 3297 (Evang.
651 3263 677 3288 in
705 3263 776 3289 initio
801 3263 1037 3297 Quadragesimae)
1056 3264 1148 3289 refert:

192 3316 205 3329 «
219 3306 267 3332 Alii
286 3307 357 3333 enim
376 3307 478 3340 dicunt,
507 3308 581 3341 quod
604 3310 706 3333 ceterae
732 3307 911 3342 [tentationes]
933 3308 958 3334 in
977 3315 1080 3341 eremo,
1101 3308 1149 3334 ista

189 3351 215 3376 in
235 3351 373 3377 Ierusalem
393 3352 425 3377 sit
445 3354 523 3384 facta;
542 3352 584 3377 alii
603 3352 707 3385 dicunt,
726 3353 798 3386 quod
818 3356 843 3378 et
863 3353 910 3378 ista
924 3353 949 3378 in
969 3360 1058 3379 eremo
1073 3353 1149 3378 fuerit

190 3396 277 3422 animo
297 3399 397 3422 tantum
417 3400 520 3423 ostensa
534 3407 559 3422 ».
578 3397 649 3423 Hauc
677 3398 822 3423 secundam
840 3397 991 3430 opinionem
1012 3398 1150 3430 impugnat

2122 214 2139 243 U
2144 214 2162 243 3

1200 296 1266 328 Νο0
1289 298 1433 335 mumw,
1459 297 1550 339 quia,
1570 298 1649 330 inira
1665 299 1784 331 decimo
1809 303 1899 331 sexto
1912 299 1942 337 ⁸,
1966 312 1980 326 τι
1999 308 2058 331 non
2077 304 2162 341 pote-
2180 307 2225 328 !on
2241 309 2326 329 manao.

1200 350 1257 382 stis
1281 350 1344 382 Deo
1368 351 1488 383 servire
1520 354 1551 383 01
1575 361 1817 384 mammonae».
1844 371 1885 376 —
1910 353 1968 385 Sed
1991 353 2054 385 soli
2083 353 2162 390 Deo,
2182 360 2222 380 sed
2240 360 2290 381 neo.

1201 406 1237 435 ut
1262 403 1385 445 possitis
1419 404 1524 436 dicere
1556 413 1628 436 cum
1665 405 1779 437 David:
1819 406 1929 446 «Quia
1960 415 2017 447 ego
2050 415 2162 439 servus

1201 459 1277 488 tuus
1300 465 1370 488 sum
1389 470 1419 488 ».

1294 509 1344 540 18.
1370 508 1471 549 (Vers.
1491 510 1545 550 a).
1572 511 1611 541 Et
1627 510 1724 542 duxit
1742 510 1834 542 illum
1852 511 1888 543 in
1905 512 2086 543 Jerusalem
2104 517 2160 544 etc.
2179 518 2329 566 Tetrltotadtfflg-

1202 561 1254 594 Hic
1277 561 1468 595 describitur
1493 562 1584 595 tertia
1609 563 1755 601 tentatio,
1781 564 1864 596 circa
1887 574 1981 606 quam
2004 565 2067 597 duo
2091 569 2164 597 511111
2207 572 2272 592 bitur-

1201 614 1388 647 attendenda
1412 619 1447 648 ut
1472 616 1570 657 prius.
1598 616 1737 648 Primum
1762 621 1809 649 est
1832 618 1998 659 suyyestio
2022 617 2163 652 diaboti.-

1202 668 1375 701 secundum
1401 672 1448 701 est
1483 670 1653 712 responsio
1687 668 1829 708 Clu-isti,
1855 671 1895 702 ibi
1911 671 1941 702 ⁷:
1969 672 2007 703 Et
2032 681 2164 713 respon-

1202 720 1281 753 dens
1305 721 1417 760 Iesus,
1449 722 1545 754 dixit.
1573 741 1613 745 —
1643 722 1731 754 Circa
1760 724 2009 765 persuasionem
2041 724 2165 756 diaboli
2195 730 2318 751 Dedmbon

2186 761 2319 783 suggestione

1203 774 1263 807 tria
1286 775 1421 808 attende.
1447 775 1521 808 Nam
1540 775 1642 817 primo
1658 776 1746 818 eligit
1763 784 1949 818 congruum
1967 777 2073 808 locum
2088 787 2163 818 per·
2186 787 2234 804 tna.

1201 828 1389 866 suasionis;
1413 828 1551 862 secundo
1574 829 1732 871 exprimit
1755 830 1946 862 suasionem
1960 831 2163 872 praecipitu-

1203 882 1320 920 tionis,·
1345 882 1438 915 tertio
1464 891 1519 925 per
1542 883 1761 916 auctoritatem
1786 883 1895 916 Psalmi
1921 884 2041 916 excutit
2072 884 2165 915 tineo—

1202 945 1273 968 rem
1297 936 1463 968 laesionis.

1291 989 1450 1030 Quantum
1475 998 1551 1032 ergo
1574 989 1612 1022 ad
1638 989 1701 1022 loci
1723 990 1865 1033 conyrui
1880 990 2064 1022 electionem
2089 990 2163 1032 dici-
2186 998 2253 1019 meu,
2269 1004 2318 1019 con=

1203 1045 1274 1075 tur:
1299 1042 1405 1075 Duxit
1428 1042 1524 1075 illum
1547 1044 1582 1075 in
1609 1043 1805 1082 Ierusalem,
1831 1047 1980 1086 tanquam
2004 1044 2042 1076 ad
2061 1044 2162 1077 locum
2213 1031 2282 1050 ΨΜ

1202 1096 1358 1129 celebrem
1382 1099 1413 1129 et
1436 1105 1645 1130 communem.
1673 1098 1799 1130 Ductus
1820 1101 1925 1130 autem
1950 1097 2009 1130 fuit
2031 1107 2071 1130 ex
2098 1108 2166 1139 per-

1202 1149 1363 1188 missione,
1388 1159 1449 1182 000
1474 1159 1515 1182 ex
1540 1150 1765 1189 imbecillitate,
1791 1151 1873 1184 unde
1898 1151 2164 1193 Chrysostomns8

1201 1201 1293 1241 dicit,
1319 1202 1403 1244 quod
1433 1202 1491 1235 «in
1516 1203 1640 1236 Christo
1664 1214 1725 1236 000
1750 1204 1809 1237 fuit
1833 1205 2017 1243 infirmitas,
2035 1205 2087 1237 sed
2114 1214 2165 1246 pa-

1202 1255 1328 1293 tientia;
1354 1255 1386 1287 in
1409 1255 1532 1288 diabolo
1556 1265 1632 1288 vero
1656 1265 1716 1288 non
1743 1257 1862 1295 virtus,
1888 1257 1940 1290 sed
1969 1257 2116 1299 superbia
2135 1271 2164 1287 ».

1203 1308 1239 1341 Et
1262 1308 1337 1341 dicit
1359 1309 1467 1341 Glossa
1490 1318 1586 1351 super
1616 1310 1759 1342 Matthaei
1785 1313 1916 1351 quarto,
1942 1310 2026 1352 quod
2056 1324 2069 1337 a
2090 1311 2164 1342 haec

1203 1362 1281 1395 visio
1305 1363 1466 1404 corporeis
1498 1363 1642 1396 sensibus
1673 1367 1720 1396 est
1755 1364 1909 1405 completa
1926 1376 1956 1401 »3
1981 1364 2165 1405 (3111150510-

1203 1425 1275 1449 10115
1288 1416 1299 1435 ⁵·
1324 1420 1429 1449 autem
1452 1416 1544 1455 dicit,
1569 1417 1653 1459 quod
1683 1430 1698 1445 «
1714 1417 1856 1450 diabolus
1873 1417 1916 1450 sic
1933 1426 2004 1449 011111
2023 1426 2164 1449 assume-

1204 1470 1273 1509 bat,
1298 1473 1335 1502 ut
1357 1470 1397 1503 ab
1421 1470 1567 1503 omnibus
1591 1470 1766 1509 videretur;
1791 1470 1936 1503 Christus
1959 1474 2080 1507 autem,
2102 1470 2166 1501 dia-

1204 1523 1275 1556 bolo
1299 1523 1474 1562 nesciente,
1500 1524 1544 1557 510
1567 1524 1678 1566 agebat
1701 1524 1917 1562 invisibiliter,
1942 1528 1977 1555 ut
2001 1533 2019 1555 a
2043 1523 2165 1555 nemine

1204 1577 1366 1610 videretur
1384 1590 1413 1608 ».
1440 1577 1524 1610 Unde
1536 1603 1543 1615 ,
1568 1581 1604 1610 ut
1628 1577 1741 1610 melius
1757 1577 1854 1610 videri
1873 1577 1984 1619 possit,
2002 1577 2165 1609 subditur:

1206 1633 1247 1664 Et
1268 1631 1388 1664 statuit
1402 1641 1478 1663 eum
1493 1641 1595 1673 super
1613 1631 1836 1674 pinnaculum
1851 1632 1876 1650 ¹⁰
1894 1631 2012 1673 templi.
2031 1631 2082 1663 lile
2100 1634 2164 1663 erat

1205 1685 1293 1718 locus
1315 1685 1464 1717 altus‘et
1499 1685 1649 1723 celebris,
1675 1685 1728 1717 ubi
1758 1684 1901 1717 doctores
1936 1688 1967 1717 et
1990 1684 2167 1717 sacerdotes

1205 1741 1439 1771 consueverunt
1464 1737 1548 1779 loqui
1573 1737 1611 1770 ad
1636 1737 1768 1779 plebem.
1794 1738 1830 1770 Et
1854 1737 2028 1770 secundum
2046 1738 2168 1779 aliquos
2189 1744 2334 1774 verinum-

1205 1791 1403 1833 expositores
1425 1795 1494 1824 erat
1517 1791 1683 1823 summitas
1707 1791 1778 1823 tecti
1804 1791 1928 1832 templi,
1945 1791 2029 1833 quod
2054 1791 2168 1823 dicitur
2181 1771 2333 1819 ἶῗῑὲἶῗέῗυορμ

1206 1844 1413 1882 tabulatum,
1431 1844 1515 1876 tertii
1532 1844 1650 1886 Regum
1667 1848 1758 1877 sexto
1773 1846 1807 1876 ¹¹.
1831 1844 1886 1876 Vel
1903 1844 2075 1876 secundum
2093 1844 2169 1876 alios

1206 1901 1273 1930 erat
1297 1896 1453 1939 quoddam
1478 1896 1763 1929 deambulatorium
1788 1906 1885 1939 supra
1909 1900 2031 1939 portam
2050 1897 2167 1939 templi,

1206 1950 1260 1983 ubi
1285 1950 1513 1983 ascendebatur
1548 1959 1604 1992 per
1640 1950 1766 1992 gradus.
1792 1949 1968 1983 Secundum
1994 1950 2070 1982 alios
2095 1958 2169 1981 vero

1206 2004 1322 2037 dicitur
1346 2003 1388 2036 ibi
1412 2003 1508 2036 fuisse
1541 2007 1657 2036 tectum
1693 2012 1765 2036 cum
1790 2003 1923 2046 quadam
1953 2003 2168 2045 appodiatione

1207 2057 1310 2096 muri,
1335 2057 1409 2099 quia
1434 2057 1465 2089 in
1490 2057 1661 2090 Palaestina
1684 2057 1796 2090 domus
1821 2057 1937 2090 habent
1961 2060 2040 2089 tecta
2066 2057 2166 2098 plana.

1208 2239 1361 2264 Paschasius
1381 2238 1542 2268 Radbertus,
1564 2239 1599 2264 lli.
1629 2237 1743 2270 Exposit.
1768 2237 1792 2263 111
1813 2238 1898 2263 Matth.
1920 2230 1953 2268 4,
1970 2237 1999 2261 5:
2020 2238 2094 2269 Quod
2117 2244 2167 2262 000

1208 2282 1270 2308 50115
1289 2281 1431 2314 approbari
1451 2285 1548 2314 potest,
1569 2280 1613 2307 ubi
1643 2288 1711 2314 quae
1740 2285 1813 2313 gesta
1842 2285 1903 2307 sunt
1922 2281 2011 2306 omnia
2031 2281 2168 2314 corporeis

1208 2326 1333 2360 ewplicita
1353 2325 1475 2352 sensibus
1495 2329 1676 2352 contexuntur.
1697 2327 1725 2351 Et
1754 2333 1801 2351 nec
1830 2326 1941 2357 mirum,
1961 2326 1982 2351 si
2002 2333 2028 2350 se
2050 2325 2168 2357 permisit

1209 2372 1260 2397 huc
1280 2371 1392 2404 illucque
1412 2378 1523 2403 corpore
1542 2371 1717 2402 circumferri,
1738 2371 1758 2396 si
1780 2372 1843 2396 forte
1864 2371 1896 2395 ita
1918 2370 2110 2402 intelligendum
2132 2374 2170 2395 est

1209 2415 1321 2441 verbum
1342 2415 1525 2446 assumtionis,
1545 2416 1591 2448 qui
1610 2422 1638 2441 se
1657 2415 1776 2447 permisit
1794 2422 1809 2440 a
1835 2413 1961 2440 membris
1979 2414 2097 2440 eiusdem
2118 2414 2170 2439 dia-

1209 2459 1262 2485 boli
1282 2460 1409 2492 crucifigi.

1279 2502 1290 2517 ⁹
1309 2505 1370 2530 Loc.
1390 2505 1441 2536 cit.,
1461 2504 1506 2530 ubi
1526 2511 1575 2536 pro
1594 2511 1640 2530 sua
1669 2504 1794 2530 sententia
1813 2504 1887 2529 efl'ert
1906 2503 1968 2529 illud
1988 2503 2048 2529 Luc.
2071 2503 2098 2533 t,
2120 2504 2166 2528 30:

1210 2549 1268 2580 lpse
1287 2552 1375 2574 autem
1396 2549 1495 2574 transiit
1514 2556 1560 2581 per
1580 2548 1697 2574 medium
1717 2555 1808 2574 eorum
1834 2552 1858 2573 et
1884 2547 1948 2573 abiit
1967 2548 2003 2573 sic
2033 2548 2169 2579 tvai-gata:

1209 2593 1266 2625 lpse
1286 2596 1373 2619 autem
1394 2594 1521 2619 transiens
1540 2600 1587 2626 per
1607 2592 1725 2619 medium
1745 2593 1846 2618 illorum
1867 2592 1939 2624 ibat).

1282 2636 1304 2651 ¹⁰
1324 2638 1435 2669 Vulgata
1451 2637 1582 2672 pinnam,·
1602 2639 1647 2663 cfr.
1668 2638 1754 2663 Mattli.
1775 2637 1803 2669 4,
1824 2637 1852 2668 5,
1874 2636 1918 2662 ubi
1947 2636 2057 2662 habetur
2074 2635 2172 2669 pinna-

1210 2681 1312 2709 culum.
1332 2697 1366 2702 —
1387 2682 1564 2715 Smaragdus,
1584 2683 1632 2708 loc.
1652 2682 1708 2707 cit:
1730 2692 1742 2704 n
1757 2681 1926 2706 Pinnaculum
1946 2688 2011 2712 ergo
2031 2681 2119 2712 templi
2135 2687 2172 2705 sc-

1210 2727 1257 2753 des
1277 2731 1332 2753 erat
1350 2727 1489 2753 doctorum
1503 2727 1527 2752 in
1543 2726 1630 2752 medio
1651 2726 1740 2758 templi
1759 2725 1872 2751 tabulata
1887 2735 1910 2750 ι».
1925 2725 2014 2751 Glossa
2029 2724 2171 2751 ordinaria

1212 2772 1237 2798 111
1257 2773 1344 2798 Mattli.
1365 2772 1393 2803 4,
1413 2772 1441 2797 5:
1462 2773 1488 2797 ln
1507 2771 1649 2797 Palaestina
1669 2771 1783 2802 desuper
1803 2771 1879 2802 plana
1899 2774 1971 2795 erant
1990 2773 2070 2800 tecta,
2090 2774 2113 2795 et
2135 2768 2170 2794 ibi

1212 2820 1267 2842 erat
1285 2816 1361 2842 sedes
1382 2816 1534 2848 doctorum,
1553 2816 1624 2841 unde
1643 2816 1741 2848 populo
1761 2815 1944 2848 loquerentur,
1965 2814 2009 2840 ubi
2024 2815 2118 2840 10111105
2133 2821 2170 2839 ce-

1212 2862 1250 2894 pit
1268 2868 1336 2886 vana
1357 2861 1439 2892 gloria
1468 2862 1566 2886 honore
1595 2860 1737 2892 magisterii
1766 2860 1876 2885 inflatos.
1897 2860 1922 2884 ln
1951 2866 1982 2884 eo
2012 2859 2089 2890 igitur
2117 2859 2172 2884 loco

1211 2906 1344 2932 Christum
1363 2909 1456 2938 tentat,
1478 2905 1503 2930 in
1522 2912 1575 2938 quo
1596 2905 1691 2931 multos
1709 2905 1859 2937 deceperat.

1284 2950 1303 2965 ¹¹
1325 2951 1401 2976 Vers.
1420 2951 1443 2976 6.
1464 2950 1548 2981 Beda,
1568 2950 1601 2976 de
1621 2950 1731 2982 Templo
1751 2949 1910 2979 Salomonis,
1930 2956 1953 2973 c.
1972 2948 2001 2973 7:
2016 2948 2083 2972 Haec
2104 2946 2174 2972 tabu-

1212 2997 1261 3022 lata
1281 2996 1306 3022 10
1327 2996 1482 3027 Evangelio,
1498 2994 1542 3022 ubi
1556 2995 1684 3020 Dominus
1703 2993 1850 3020 tentabatur
1869 3000 1883 3018 a
1898 2992 2016 3022 diabolo,
2036 2992 2174 3024 plnnacula

1212 3041 1304 3073 templi
1322 3039 1484 3066 vocabantur
1496 3050 1520 3065 ».
1540 3039 1678 3070 Rabanus,
1697 3039 1713 3064 1.
1729 3039 1754 3064 10
1768 3039 1854 3064 Matth.
1875 3037 1903 3067 4,
1924 3037 1955 3061 5:
1981 3046 1990 3058 ε
2006 3036 2174 3061 Pinnacutum

1212 3089 1301 3112 autem
1320 3085 1459 3111 summitas
1478 3088 1517 3110 est
1536 3084 1603 3110 10011.
1623 3084 1678 3109 Non
1698 3083 1768 3108 enim
1788 3081 1901 3108 habebat
1922 3082 2050 3113 templum
2071 3080 2174 3105 culmen

1213 3131 1239 3155 in
1258 3129 1454 3161 superioribus,
1474 3129 1541 3154 sicut
1559 3135 1606 3154 nec
1626 3127 1837 3157 tabernaculum,
1858 3126 1905 3152 sed
1918 3130 1972 3151 erat
1987 3125 2104 3157 aequale.
2117 3124 2173 3156 Quo

1214 3174 1294 3200 modo
1313 3173 1436 3200 omnibus
1457 3173 1480 3198 in
1500 3172 1643 3198 Palaestina
1663 3175 1688 3197 et
1707 3172 1827 3202 Aegypto
1855 3170 1950 3196 domus
1979 3167 2175 3194 aedificantibus

1214 3220 1299 3244 facere
1318 3218 1399 3244 moris
1418 3221 1490 3243 est».
1511 3216 1665 3242 Paschasius
1684 3215 1847 3246 Radbertus,
1861 3216 1909 3240 loc.
1929 3214 1980 3245 011Ἱ
1994 3214 2106 3245 primam
2120 3219 2174 3241 500-

1214 3263 1320 3289 tentiam
1340 3269 1401 3288 cum
1421 3263 1469 3287 hac
1489 3261 1624 3293 coniungit
1642 3259 1755 3286 addens:
1775 3260 1859 3292 Atque
1879 3260 1905 3284 in
1926 3265 2004 3290 gyro.
2020 3258 2088 3283 iuxta
2102 3257 2174 3289 quod

1213 3308 1265 3333 Lex
1284 3306 1411 3339 praecipit
1431 3306 1517 3339 [Deut.
1537 3306 1583 3336 22,
1604 3306 1633 3330 8:
1654 3304 1720 3331 Cum
1740 3303 1920 3330 aedificaveris
1941 3303 2050 3328 domum
2067 3308 2173 3330 novam,

1214 3352 1292 3377 facies
1312 3358 1418 3377 murum
1439 3351 1498 3376 tecti
1517 3357 1565 3382 per
1584 3349 1721 3375 circuitum
1741 3347 1819 3382 etc.],
1838 3347 1943 3373 cancelli
1966 3346 2173 3375 deambulatorii,

1214 3404 1245 3422 ne
1267 3398 1330 3423 forte
1350 3396 1444 3429 aliquis
1464 3395 1523 3420 inde
1543 3393 1644 3420 labatur
1665 3394 1792 3419 incautus.
