2427 3872
306 263 372 296 7⁶20

597 303 661 331 COG

304 364 344 371 -
362 351 418 377 Non
436 351 606 382 agnoscentes
633 348 717 374 Deum
745 349 806 373 sunt
823 346 884 372 vani
902 352 946 371 va-

309 395 390 421 nitate
409 393 573 426 cogitationis
593 393 642 418 102
662 399 689 417 v.
709 392 718 417 ⁴
736 405 771 410 —-
783 396 892 417 erronea
908 392 947 415 est

310 438 466 466 inordinatio
484 438 510 463 in
529 436 610 464 corde
629 437 662 462 42
681 443 695 462 3
714 450 749 454 -
772 441 880 461 erronea
908 437 947 460 est

310 483 432 514 credere,
460 481 532 515 quod
560 488 613 507 non
640 481 673 506 sit
699 480 745 513 qui
772 478 947 512 reprehendat

313 528 348 554 42
364 534 389 553 a.
408 527 441 553 44
459 534 487 552 ν.
505 526 531 552 7.
549 540 583 544 —
603 525 714 557 Spiritus
741 527 846 550 sanctus
863 524 948 548 aufert

311 579 341 598 se
359 578 374 597 a
393 562 595 603 cogitationibus
618 569 687 595 falsis
709 571 735 594 et
756 567 870 593 erroneis
896 567 954 593 ⁴⁴3.

312 623 341 641 v.
359 615 376 641 5
393 628 428 634 —
447 615 552 647 iniquus
571 616 609 639 est
628 613 653 638 in
672 612 828 644 cogitatione
846 610 892 644 qui
911 613 948 636 te-

313 666 386 685 mere
414 658 510 684 iudicat
528 658 571 683 Vll
591 657 637 682 ⁴6⁴
661 657 694 682 96
713 671 749 675 —
767 656 837 681 Deus
855 657 894 680 est
911 654 948 679 in-

313 703 424 736 quisitor
441 701 578 728 intenibilis
605 700 791 733 cogitationum
814 699 848 725 de
869 697 949 723 corde

313 747 463 773 exeuntium
483 746 515 771 Vt
536 745 586 771 ⁴⁴4
605 752 632 771 v.
651 745 666 770 6
686 759 721 763 -
742 744 768 769 111
791 741 949 774 cogitationi·

315 790 366 817 bus
385 790 470 816 minus
493 792 630 821 peccatum
649 791 689 814 est
706 794 786 820 quam
805 787 832 812 in
850 792 949 812 sermo-

314 834 392 861 nibus
409 833 444 861 ib.
462 841 489 860 v.
508 835 523 859 8

368 893 403 898 -
421 879 538 904 occultae
557 877 638 903 oculis
657 875 703 901 Dei
715 878 776 901 sunt
787 877 893 906 apertae
906 873 949 898 Vll

318 923 367 948 138
388 922 421 948 14
439 937 474 940 —
494 922 518 947 in
538 920 646 946 auribus
664 919 711 945 Dei
730 918 845 950 cogitare
863 920 902 943 est
916 917 950 942 io-

315 967 360 1000 qui
380 965 413 992 ib.
434 966 466 991 ⁴6
486 979 519 984 —
538 966 566 990 ln
579 963 737 996 cogitatione
750 961 885 987 infirmitas
897 960 950 992 spi-

315 1010 415 1037 ritualis
433 1008 614 1035 occasionatur
633 1008 666 1033 Vl
685 1006 737 1032 585
758 1006 767 1030 1

368 1068 403 1072 -
427 1054 527 1078 Paucae
553 1053 614 1077 sunt
641 1049 811 1082 cogitationes
835 1051 950 1079 nostrae,

315 1104 428 1130 quarum
447 1103 499 1122 non
517 1097 644 1127 apparent
665 1094 752 1126 aliqua
770 1093 845 1125 signa
865 1093 897 1118 Vl
917 1092 950 1117 87

315 1148 342 1174 q.
363 1141 373 1166 ⁴
396 1155 431 1159 -
450 1140 501 1165 Nec
524 1139 680 1170 daemones,
707 1144 755 1163 nec
782 1137 860 1163 etiam
889 1136 951 1162 boni

315 1184 406 1216 Angeli
425 1185 536 1216 possunt
553 1188 713 1214 cognoscere
725 1181 896 1213 cogitationes
908 1188 951 1207 no-

316 1232 382 1255 stras
400 1228 515 1254 occultas
533 1227 580 1252 nisi
600 1226 627 1252 in
648 1225 735 1252 Verbo
754 1225 815 1252 ibid.
833 1240 869 1244 --
882 1226 952 1251 0005

315 1273 387 1299 solus
405 1271 540 1303 cognoscit
558 1271 728 1302 cogitationes
748 1273 850 1296 nostras
868 1270 952 1296 occul-

316 1320 356 1342 135
373 1315 434 1342 ibid.
447 1329 482 1335 —
494 1315 640 1341 Daemones
659 1317 820 1347 cognoscunt
837 1315 951 1340 occultas

315 1360 487 1392 cogitationes
504 1362 619 1390 nostras¹
638 1359 662 1384 in
676 1362 803 1392 quantum
817 1365 864 1391 per
875 1359 950 1391 signa

316 1404 514 1434 manifestantur
532 1402 593 1429 ibid.
605 1398 637 1421 ὶ-
651 1402 827 1435 Cogitationes
839 1403 952 1429 hominis

315 1448 376 1474 sciri
395 1450 504 1480 possunt
521 1447 626 1474 scientia
646 1448 818 1478 coniecturae,
831 1454 882 1473 non
897 1454 952 1473 cer-

316 1492 434 1518 titudinis
461 1491 512 1517 155
539 1498 566 1517 v.
585 1492 619 1517 20
646 1505 681 1511 -
704 1490 881 1523 Cogitationes
906 1492 952 1517 ho-

317 1537 417 1563 minum
437 1536 497 1562 sciri
517 1539 625 1569 possunt
643 1535 677 1562 ab
696 1536 801 1562 homine
814 1542 861 1568 per
880 1542 953 1562 reve-

317 1581 455 1613 lationem,
474 1587 524 1606 non
543 1587 591 1613 per
609 1584 728 1606 naturam
756 1580 796 1606 vel
816 1580 951 1612 propriam

317 1625 470 1662 industriam
489 1624 550 1651 ibid.

369 1669 494 1696 Coesnto
507 1684 542 1688 —-
554 1669 693 1702 spiritualis
711 1676 771 1695 cum
785 1668 887 1695 Christo
901 1675 953 1694 me·

316 1714 365 1739 lior
377 1716 420 1740 'est
437 1720 516 1747 quam
535 1714 645 1740 carnalis
663 1714 705 1740 Vll
725 1713 777 1739 297
797 1714 830 1738 62
847 1712 910 1739 Vide
926 1718 953 1739 v.

318 1757 472 1784 Proximus.

370 1802 488 1828 Coomrto
506 1816 541 1820 —
560 1802 639 1828 altera
657 1805 696 1828 est
714 1801 859 1828 necessaria
873 1804 899 1827 et
916 1801 953 1827 in·

317 1845 441 1877 fallibilis,
459 1847 538 1872 altera
558 1845 701 1878 probabilis
719 1848 745 1871 et
764 1852 811 1877 per
830 1846 905 1877 signa
918 1845 952 1871 vt

315 1890 350 1916 73
369 1897 394 1923 q.
415 1891 430 1916 2
448 1903 483 1909 -
503 1890 528 1915 111
552 1890 656 1915 homine
684 1893 723 1915 est
750 1889 792 1915 vis
819 1890 952 1922 cognitiva

318 1935 350 1960 ⁴5
369 1933 386 1960 b
404 1949 439 1953 —
458 1935 555 1960 Rerum
574 1934 688 1960 rationes
706 1937 767 1960 sunt
784 1934 901 1960 difficiles
919 1934 953 1960 ad

315 1978 504 2004 inveniendum
525 1977 559 2004 ib.
578 1986 613 2003 v:
625 1979 639 2003 8
659 1992 693 1998 —
712 1979 810 2004 Sensus
823 1986 874 2004 non
894 1979 953 2004 falli-

315 2025 357 2048 tur
376 2022 400 2048 in
419 2023 568 2055 cognitione
586 2021 748 2048 sensibilium
769 2022 800 2048 16
821 2030 848 2056 q.
867 2023 877 2048 ⁴

370 2080 406 2086 -
424 2066 588 2098 Cognoscere
616 2069 655 2092 est
682 2067 723 2092 vei
750 2067 893 2099 semiplene
912 2068 954 2094 vel

317 2112 432 2143 perfecte
459 2111 492 2137 Vi
522 2111 554 2136 ⁴6
580 2118 608 2144 q.
636 2111 646 2136 ⁴
669 2124 706 2130 —
724 2111 839 2137 perfecte
860 2118 955 2143 cogno-

317 2162 390 2181 scere
403 2158 442 2181 est
455 2161 614 2187 cognoscere
626 2154 806 2186 substantiam,
822 2155 955 2188 virtutem,

316 2199 495 2232 operationem
515 2202 540 2224 et
558 2205 665 2229 causas,
684 2202 709 2225 et
728 2199 842 2226 rationes
860 2201 954 2226 horum

317 2242 379 2269 ibid.
398 2257 433 2261 —
452 2242 599 2275 Semiplene
617 2249 778 2275 cognoscere
801 2246 841 2269 est
858 2251 956 2276 cogno-

318 2293 391 2312 scere
404 2287 548 2312 secundum
562 2286 704 2313 accidentia
716 2287 757 2313 vel
767 2287 881 2321 aliquam
895 2295 956 2321 ope-

317 2331 444 2357 rationem
458 2330 520 2357 ibil.
533 2345 568 2349 —-
581 2331 732 2364 imperfecta
751 2335 790 2357 est
807 2333 956 2358 communis

317 2373 396 2401 nobis
414 2378 439 2400 et
457 2374 541 2401 brutis
560 2374 622 2401 ibid.
643 2375 671 2401 ⁴·

369 2432 405 2438 —
424 2420 551 2452 supponit
574 2419 655 2445 vitam
676 2421 707 2446 vt
726 2420 761 2446 74
781 2428 808 2446 v.
827 2422 843 2447 5
861 2436 896 2440 —-
916 2421 955 2447 Ad

317 2463 492 2495 coguitionem
512 2464 652 2497 requiritur
676 2465 806 2497 quaedam
832 2464 957 2491 stabilitas

318 2507 342 2533 in
362 2507 442 2533 rebus
461 2507 494 2538 51
514 2515 540 2540 q.
560 2508 574 2532 3
594 2521 630 2527 ——
648 2512 687 2534 est
706 2509 748 2534 vel
767 2516 815 2541 per
832 2509 957 2535 inventio-

318 2558 379 2577 nem
404 2552 446 2577 vel
466 2558 512 2583 per
530 2552 677 2577 doctrinam
698 2553 730 2578 ⁴6
750 2560 776 2586 q.
795 2554 811 2578 2
830 2567 865 2572 -
884 2554 957 2579 Prae-

320 2596 416 2621 cellunt
435 2595 460 2621 111
479 2599 538 2621 actu
567 2596 723 2628 cognitionIs
749 2596 869 2622 viventes
887 2604 957 2623 mor-

316 2642 377 2665 tuos
395 2639 429 2665 74
450 2647 476 2665 v.
490 2639 506 2665 5
518 2653 553 2659 -
566 2638 714 2666 Substantia
733 2643 832 2674 quanto
851 2640 956 2667 liberior

317 2691 332 2709 a
351 2690 472 2716 corpore,
491 2686 562 2709 tanto
581 2683 666 2715 magis
693 2684 786 2710 idonea
815 2685 956 2716 cognitioni

316 2728 352 2754 75
371 2735 397 2761 q.
419 2728 428 2753 ⁴
452 2741 488 2747 —
507 2728 599 2753 Mortui
618 2730 680 2754 sunt
698 2728 784 2760 magis
802 2729 856 2761 apti
869 2729 902 2754 ad
917 2736 957 2754 co-

317 2772 496 2803 gnoscendum
516 2771 577 2798 ibid.

370 2829 404 2835 —
424 2816 552 2847 Dicimus,
566 2823 614 2842 nos
626 2823 785 2849 cognoscere
799 2816 911 2849 aliquem
926 2823 956 2843 ex

317 2859 377 2885 visu
407 2863 432 2885 et
451 2860 536 2892 magis
555 2867 584 2886 ex
604 2861 733 2893 colloquio
751 2863 777 2886 et
795 2860 908 2886 maxime
926 2867 956 2886 ex

316 2902 444 2936 obsequio
464 2904 496 2929 Vt
517 2905 567 2929 602
588 2905 603 2930 3
615 2917 651 2923 -
664 2905 748 2930 Homo
766 2911 821 2930 non
839 2904 911 2930 venit
923 2905 957 2930 ad

316 2947 457 2978 perfectam
477 2948 652 2979 cognitionem
672 2955 761 2974 rerum
781 2951 890 2980 propter
908 2948 956 2974 du-

317 2989 466 3016 bitationem
486 2991 519 3016 33
539 2999 566 3017 ν.
589 2992 616 3017 11
640 3005 675 3011 -
693 2993 748 3018 Non
763 2992 844 3018 scitur
856 2992 955 3025 aliquid

317 3035 444 3066 perfecte,
467 3034 515 3060 nisi
535 3039 708 3067 cognoscatur
727 3035 784 3062 eius
802 3036 954 3068 oppositum

319 3078 350 3103 19
370 3085 397 3104 ν.
420 3078 453 3104 17
477 3093 512 3097 -
541 3078 595 3105 Νο11
624 3079 753 3106 habemus
779 3080 954 3112 cognitionem

316 3128 364 3154 per
383 3122 593 3154 diuturnitatem,
621 3124 668 3150 sed
696 3131 743 3156 per
768 3124 954 3157 experientiam

316 3164 346 3190 51
370 3173 398 3192 v.
416 3165 431 3191 6

370 3223 405 3228 -
425 3210 537 3236 Tentare
555 3210 653 3244 aliquid
672 3214 712 3238 est
729 3218 889 3244 cognoscere
907 3219 955 3245 per

316 3253 502 3285 experientiam
531 3254 573 3280 vel
592 3261 640 3287 per
658 3256 893 3287 examinationem,
912 3263 955 3289 ap·

317 3296 497 3328 probationem
517 3301 543 3323 et
561 3298 771 3330 reprobationem
791 3299 824 3326 Vl
844 3300 876 3326 63
897 3301 948 3333 q.⁴

317 3353 351 3358 —
371 3340 471 3366 utilium
491 3341 582 3367 melior
600 3345 639 3368 est
651 3343 801 3375 cognitione
814 3342 954 3370 abscondl-

315 3385 403 3409 torum
422 3384 455 3410 53
470 3392 495 3411 v.
508 3385 524 3410 9
537 3399 575 3409 -Δ
585 3385 669 3413 Homo
688 3390 774 3419 potest
792 3392 952 3420 cognoscere

1166 255 1280 288 INDEX
1304 253 1431 286 RERUM

982 347 1089 370 naturas
1116 350 1204 370 rerum
1233 341 1406 368 saecularium
1434 339 1484 365 ⁴94
1503 346 1531 365 v.
1550 340 1565 364 8
1585 353 1620 357 -

983 390 1079 415 Rerum
1109 387 1308 413 mutabilitatem
1328 388 1354 410 et
1371 390 1478 412 causam
1497 386 1523 409 et
1541 383 1621 415 origi-

983 440 1043 458 nem
1070 439 1122 458 non
1149 437 1291 463 possumus
1318 435 1478 461 cognoscere
1497 427 1531 453 34
1550 428 1566 453 9
1585 442 1621 446 -

983 484 1037 503 non
1065 483 1111 502 ens
1139 475 1289 507 simpliciter
1316 473 1440 505 cognosci
1471 474 1569 505 potest,
1593 471 1621 497 in

983 523 1111 554 quantum
1130 519 1209 545 habet
1227 525 1285 544 esse
1304 518 1328 542 in
1349 523 1426 542 causa
1440 516 1457 542 7
1470 515 1488 542 b
1502 530 1536 535 -
1549 516 1622 548 Quae

984 568 1045 591 sunt
1063 564 1231 590 essentialiter
1250 563 1277 588 in
1296 563 1382 588 anima
1411 561 1505 587 melius
1527 567 1623 592 cogno-

984 611 1107 639 scuntur,
1125 614 1205 641 quam
1225 613 1294 640 quae
1312 609 1374 632 sunt
1392 605 1539 631 secundum
1563 610 1623 636 spe-

984 653 1051 679 ciem
1070 652 1104 677 72
1123 659 1150 684 q.
1170 652 1185 677 2
1198 665 1233 670 -
1245 650 1314 676 Certi
1332 656 1426 676 sumus
1443 650 1478 675 de
1495 649 1536 674 his
1554 655 1624 682 quae

985 696 1170 729 cognoscimus
1190 695 1337 721 secundum
1365 694 1481 726 speciem
1508 691 1570 719 ibid.
1588 706 1624 711 ——

986 741 1012 766 ln
1032 738 1179 771 cognitione
1207 737 1369 765 sensibilium
1389 740 1414 763 et
1433 736 1623 769 principiorum

986 792 1038 810 non
1066 783 1192 815 contingit
1220 789 1309 809 errare
1338 783 1370 808 16
1395 789 1422 815 q.
1443 782 1452 807 ⁴
1477 789 1533 814 arg.
1554 782 1569 806 2
1589 795 1624 799 —

986 829 1070 854 Homo
1090 827 1226 859 cognoscit
1253 826 1354 852 occulta
1382 826 1507 851 relatione
1525 828 1624 851 tantum

987 872 1038 898 277
1058 872 1091 897 38
1110 886 1145 889 -
1164 870 1274 897 Habitus
1299 871 1326 896 in
1344 870 1432 896 anima
1451 877 1503 896 non
1528 876 1626 902 coguo-

987 918 1095 942 scuntur
1113 915 1161 941 nisi
1181 921 1229 947 per
1248 916 1312 945 hoc,
1331 915 1403 948 quod
1428 915 1514 940 anima
1533 921 1562 940 se
1587 914 1626 940 vi-

987 960 1031 986 det
1050 958 1173 985 habilem·
1183 959 1217 985 ad
1236 959 1350 992 aliquem
1369 962 1456 985 actum
1473 959 1506 984 73
1527 966 1554 992 q.
1573 959 1588 984 2

1042 1017 1076 1022 -
1095 1004 1166 1029 00115
1185 1003 1284 1029 1101111111
1297 1010 1349 1029 non
1363 1003 1436 1030 dedit
1447 1003 1626 1036 cognitionem

987 1049 1106 1075 omnium
1126 1054 1214 1074 rerum
1234 1048 1268 1074 Vt
1288 1049 1322 1074 33
1341 1056 1368 1074 v,
1383 1048 1410 1074 ⁴⁴
1428 1062 1464 1068 -
1476 1049 1558 1074 Nemo
1573 1051 1627 1080 pot-

988 1096 1027 1119 est
1045 1092 1123 1118 nimis
1141 1099 1315 1125 cognoscere,
1328 1093 1375 1119 sed
1388 1093 1547 1125 perscrutari
1559 1092 1627 1123 bene

988 1139 1073 1170 potest
1090 1137 1168 1163 nimis
1187 1137 1215 1162 61
1239 1144 1265 1170 q.
1286 1138 1301 1163 2
1320 1152 1355 1156 -
1373 1137 1535 1163 praesumtio
1553 1137 1628 1170 spiri-

988 1185 1030 1208 tus
1055 1185 1095 1208 est
1122 1181 1189 1207 velle
1213 1188 1373 1214 cognoscere
1398 1188 1470 1216 quae
1502 1182 1572 1208 Deus
1602 1182 1627 1208 in

987 1233 1034 1252 sua
1053 1226 1217 1258 providentia
1237 1226 1366 1259 disposuit
1378 1227 1412 1253 53
1426 1234 1452 1252 v.
1465 1227 1481 1252 9
1494 1241 1530 1245 —
1542 1227 1627 1252 Pauca

988 1270 1065 1297 nobis
1084 1274 1146 1297 sunt
1165 1271 1270 1303 cognita
1289 1270 1324 1298 ib.
1342 1278 1370 1297 V.
1390 1272 1417 1297 11
1437 1285 1471 1289 -
1484 1271 1569 1297 ilomo
1583 1272 1628 1296 ha-

988 1315 1032 1341 bet
1062 1315 1124 1341 satis
1144 1317 1230 1341 facere
1254 1315 1288 1341 de
1306 1315 1492 1348 cognoscendo
1521 1315 1628 1347 propria

988 1360 1055 1386 mala
1074 1360 1116 1385 vel
1135 1359 1285 1385 communia
1312 1359 1347 1386 ib.
1374 1366 1401 1385 v.
1430 1360 1440 1385 ⁴
1468 1372 1504 1379 —
1522 1362 1562 1385 est
1586 1359 1629 1385 vel

988 1404 1150 1431 certitudinis
1169 1404 1210 1430 vel
1228 1404 1416 1430 aestimationis
1434 1403 1467 1429 54
1495 1410 1521 1436 q.
1551 1404 1561 1428 ⁴
1593 1417 1629 1422 —

989 1449 1074 1475 omnis
1093 1448 1121 1474 111
1140 1448 1326 1474 illuminatione
1343 1448 1410 1474 lucis
1429 1447 1480 1473 249
1500 1448 1534 1473 12

1039 1506 1075 1512 -
1093 1493 1184 1518 Nostra
1212 1492 1253 1518 vis
1276 1492 1410 1518 rationalis
1428 1491 1540 1517 libenter
1558 1492 1630 1517 luxu-

988 1537 1070 1565 riatur
1079 1536 1107 1562 in
1119 1536 1271 1569 cognitione
1284 1540 1445 1562 terrenorum
1456 1535 1630 1568 occupatione

989 1580 1113 1613 culpabili
1144 1581 1187 1606 vel
1217 1580 1320 1613 poenali
1352 1583 1460 1612 propter
1491 1582 1628 1612 peccatum

989 1625 1068 1658 primi
1088 1625 1203 1657 parentis
1221 1624 1254 1650 Vl
1276 1625 1307 1650 18
1328 1632 1353 1649 v.
1370 1625 1402 1650 13
1415 1637 1450 1643 -
1463 1624 1572 1656 Propter
1584 1631 1630 1650 cu-

989 1669 1130 1695 riositatem
1150 1669 1176 1694 in
1195 1669 1344 1701 cognitione
1363 1672 1527 1695 terrenorum
1547 1669 1630 1694 homi-

989 1720 1035 1739 nes
1053 1713 1223 1739 immemores
1241 1717 1303 1739 sunt
1320 1720 1384 1739 suae
1403 1713 1493 1739 salutis
1511 1712 1574 1739 ibid.
1594 1728 1629 1731 —

990 1758 1093 1790 Quanto
1121 1759 1201 1783 homo
1230 1757 1324 1783 melius
1352 1757 1487 1790 cognoscit
1511 1756 1579 1783 bona
1605 1760 1630 1783 et

990 1802 1072 1833 mala,
1090 1805 1160 1828 tanto
1180 1802 1265 1834 magis
1284 1802 1421 1834 affligitur,
1440 1802 1548 1835 quando
1561 1805 1631 1828 errat

991 1846 1024 1871 ⁴9
1044 1853 1068 1872 v.
1090 1846 1122 1871 17
1141 1860 1177 1865 -
1198 1846 1224 1871 111
1243 1853 1332 1872 rerum
1359 1846 1460 1872 utilium
1480 1846 1630 1878 cognitione

990 1893 1029 1917 est
1046 1890 1121 1917 labor
1140 1891 1173 1917 ad
1193 1891 1384 1924 acquirendum
1403 1894 1428 1916 et
1447 1891 1551 1917 afflictio
1570 1894 1630 1922 post

990 1935 1188 1971 acquisitionem
1214 1934 1285 1967 ibid„
1315 1936 1347 1960 18
1366 1950 1401 1954 —
1420 1935 1537 1961 veritatis
1555 1942 1630 1961 occa-

990 1979 1121 2005 sionaliter
1139 1980 1274 2005 contristat
1301 1984 1408 2012 propter
1437 1979 1629 2006 immunditiam

990 2023 1164 2050 conscientiae
1183 2024 1319 2056 propriae,
1348 2025 1389 2050 vcl
1418 2027 1526 2057 propter
1554 2031 1630 2056 aspe-

991 2071 1062 2094 ctum
1082 2068 1259 2100 perversitatis
1278 2068 1377 2094 alienae
1395 2069 1424 2094 21
1448 2076 1474 2102 q.

1044 2126 1079 2132 —-
1097 2112 1188 2138 divina
1207 2112 1301 2139 dicitur
1319 2112 1385 2139 liber
1404 2113 1446 2139 Vll
1472 2113 1523 2139 263
1544 2113 1578 2138 65
1594 2126 1630 2132 —

991 2156 1115 2188 simplicis
1137 2156 1243 2182 notitiae
1271 2156 1365 2182 dicitur
1392 2156 1457 2183 liber
1479 2157 1630 2189 simpliciter

991 2200 1053 2227 ibid.
1066 2215 1101 2219 --
1119 2200 1234 2233 cognitio
1247 2200 1445 2233 approbationis
1458 2201 1553 2227 dicitur
1566 2201 1630 2227 liber

991 2245 1061 2270 vitae
1079 2244 1141 2271 ibid.

1046 2303 1080 2308 —
1099 2289 1125 2314 in
1145 2289 1293 2321 cognitione
1312 2290 1358 2315 Dei
1377 2290 1411 2316 ad
1430 2290 1521 2316 faciem
1545 2297 1631 2316 neces-

992 2333 1062 2359 sario
1082 2333 1232 2364 intelligitur
1250 2334 1354 2359 dilectio
1368 2334 1400 2360 Vl
1415 2333 1465 2359 469
1480 2334 1507 2359 ⁴t
1526 2349 1561 2353 —
1574 2341 1631 2367 spe-

993 2377 1128 2403 culationis
1146 2377 1296 2403 attribuitur
1314 2378 1390 2410 Filio,
1414 2379 1588 2410 experientiae
1606 2382 1631 2404 et

993 2422 1141 2447 devotionis
1160 2422 1275 2447 unctioni
1294 2423 1406 2454 Spiritus
1425 2423 1507 2449 sancti
1526 2423 1576 2449 460
1597 2423 1630 2449 25

1047 2480 1081 2484 -
1100 2466 1170 2491 00115
1188 2473 1266 2492 501150
1287 2467 1410 2498 cognosci
1430 2474 1482 2493 non
1498 2471 1585 2499 potest
1597 2468 1629 2493 Vi

995 2510 1044 2535 192
1064 2517 1091 2535 ν.
1112 2511 1121 2535 1
1145 2524 1180 2530 -
1200 2511 1269 2536 0005
1287 2518 1317 2536 ex
1336 2512 1463 2537 creaturis
1492 2512 1565 2537 facile
1590 2518 1631 2537 co-

993 2554 1085 2586 gnosci
1112 2557 1198 2586 potest
1225 2553 1287 2581 ibid.
1316 2569 1347 2574 -
1376 2554 1483 2581 Creator
1506 2556 1630 2587 cognosci

994 2601 1078 2630 potest
1097 2605 1144 2630 per
1170 2602 1348 2625 creaturarum
1378 2599 1581 2631 pulcritudinem
1606 2602 1632 2625 et

993 2641 1115 2667 virtutem
1137 2642 1187 2668 193
1206 2650 1233 2668 v.
1253 2645 1268 2669 2
1281 2657 1316 2663 —
1327 2644 1396 2669 Deus
1409 2647 1494 2676 potest
1506 2644 1630 2675 cognosci

993 2692 1041 2717 per
1069 2686 1199 2712 mundum
1220 2690 1248 2713 ut
1266 2695 1314 2719 per
1331 2688 1452 2713 effectum
1473 2687 1524 2712 252
1544 2687 1577 2712 25
1597 2700 1630 2704 -

994 2730 1082 2756 Ν111105
1100 2731 1235 2762 cognoscit
1254 2731 1337 2757 Deum
1363 2731 1511 2763 cognitione
1529 2730 1632 2756 certitu-

994 2773 1061 2799 dinis
1087 2777 1113 2800 et
1139 2774 1260 2801 claritatis
1288 2782 1335 2807 per
1366 2774 1496 2806 speciem,
1524 2774 1573 2800 nisi
1599 2775 1632 2799 sit

994 2819 1213 2849 comprehensor,
1233 2819 1381 2850 cognitione
1402 2817 1566 2844 certitudinis
1584 2825 1631 2850 per

994 2862 1114 2893 aenigma
1135 2863 1220 2888 nuilus
1238 2863 1288 2888 nisi
1308 2862 1405 2893 fidelis,
1425 2862 1574 2893 cognitione
1592 2869 1632 2888 ae-

993 2905 1148 2932 stimationis
1175 2913 1236 2931 eum
1266 2910 1428 2938 cognoscunt
1460 2905 1577 2931 infideles
1607 2909 1631 2932 ct

994 2950 1066 2975 multi
1085 2950 1145 2975 mali
1165 2950 1215 2975 457
1236 2951 1251 2975 8
1271 2949 1300 2976 2·

1045 3006 1080 3012 —
1100 2994 1192 3019 Anima
1207 2997 1293 3026 potest
1311 3000 1471 3025 cognoscere
1490 2993 1515 3018 ln
1535 3000 1563 3019 50
1573 2993 1630 3025 ipsa

992 3038 1112 3063 effectum
1133 3038 1192 3069 001,
1211 3038 1334 3071 quamvis
1359 3044 1410 3063 non
1437 3038 1513 3069 plene
1532 3044 1630 3070 cogno-

992 3085 1061 3112 scat,
1080 3089 1094 3107 a
1113 3089 1167 3115 quo
1187 3085 1225 3108 est
1244 3082 1276 3107 Vl
1306 3082 1352 3107 331
1385 3081 1420 3106 78
1438 3094 1474 3100 -
1493 3081 1562 3107 0005
1587 3089 1629 3108 00-

992 3125 1126 3157 gnoscitur
1153 3133 1201 3158 per
1223 3125 1302 3152 fldem
1324 3125 1399 3158 quasi
1418 3131 1465 3156 per
1485 3124 1570 3151 visum
1595 3126 1629 3153 ab

992 3168 1115 3195 omnibus
1134 3168 1314 3200 credentibus,
1335 3175 1382 3201 per
1400 3169 1533 3194 caritatem
1553 3171 1629 3203 quasi

993 3219 1041 3245 per
1059 3213 1219 3247 colloquium
1239 3220 1253 3239 a
1273 3212 1496 3245 contemplativis,
1510 3220 1557 3245 per
1569 3214 1628 3240 obe·

991 3256 1115 3283 dientiam
1133 3257 1208 3291 quasi
1227 3263 1276 3290 per
1303 3255 1462 3289 obsequium
1484 3257 1518 3283 ab
1537 3258 1629 3285 activis

992 3301 1043 3327 602
1063 3301 1078 3326 3

1043 3359 1078 3364 ——
1092 3346 1135 3371 Est
1147 3351 1307 3378 cognoscere
1320 3344 1403 3370 Deum
1418 3344 1442 3371 in
1455 3352 1483 3372 50
1496 3348 1521 3372 01
1533 3346 1560 3372 111
1579 3353 1627 3372 suo

991 3388 1134 3416 eflectuvl
1155 3389 1207 3416 255
1226 3389 1258 3415 43
1272 3402 1308 3408 -
1321 3388 1484 3420 Cognoscere
1503 3389 1586 3416 Deum
1601 3390 1627 3415 in

1941 293 2004 321 COL

1657 339 1749 365 effectu
1769 340 1809 365 est
1826 338 1918 364 videre
1945 337 1994 370 per
2021 338 2158 370 speculum
2181 336 2242 364 ibid.
2260 351 2296 357 —

1657 383 1710 409 Nos
1728 382 1851 408 videmus
1868 382 1954 408 Deum
1972 389 2020 414 per
2048 383 2185 414 specuium
2204 381 2297 408 obscu-

1657 434 1717 453 rum
1741 429 1850 459 propter
1876 429 2015 458 peccatum
2043 429 2069 452 01.
2095 426 2122 452 111
2149 426 2298 458 aenigmate

1658 471 1710 497 256
1730 471 1764 496 43
1782 484 1819 490 -
1837 470 1874 496 00
1897 470 1987 496 divina
2012 470 2138 502 sapientia
2163 477 2218 496 non
2236 477 2297 502 pos-

1657 522 1750 541 sumus
1768 521 1938 547 cognoscere,
1956 514 2022 548 quid
2036 515 2081 547 sit,
2095 514 2142 540 sed
2163 514 2247 540 oualis
2266 514 2299 540 sit

1659 558 1710 585 150
1729 566 1756 585 v.
1776 558 1809 584 24

1711 615 1747 622 —
1766 602 1837 628 Beati
1864 605 2030 635 cognoscunt
2054 603 2136 628 Deum
2156 604 2246 635 aperte
2264 602 2298 628 vt

1661 646 1706 672 ⁴3⁴
1730 653 1757 672 V.
1777 647 1810 672 ⁴8
1829 660 1864 666 -—
1882 646 1953 672 Deus
1980 646 2005 672 in
2033 653 2061 672 se
2079 647 2148 673 clare
2166 645 2300 678 cognosci-

1661 694 1702 716 tur
1721 697 1736 716 a
1754 697 1783 716 se
1801 693 1827 716 et
1845 697 1860 716 a
1879 691 1978 723 Beatis,
2004 691 2030 717 in
2053 690 2164 723 caligine
2185 697 2199 716 a
2219 689 2300 716 subli-

1661 735 1738 761 miter
1765 735 2005 768 contemplantibus
2033 735 2084 762 256
2114 735 2146 761 43
2166 749 2201 753 -
2217 735 2299 761 Νο1110

1661 780 1727 806 vidit
1744 780 1829 806 Deum
1848 780 1900 806 255
1919 780 1953 805 39
1972 793 2007 799 -
2026 780 2096 806 0005
2115 779 2219 805 videtur
2232 785 2246 804 a
2260 780 2300 805 so·

1661 824 1691 850 lis
1710 823 1786 850 bonis
1811 824 1861 850 476
1882 824 1914 850 43
1934 838 1969 844 —-
1989 824 2045 850 Mali
2063 831 2117 851 non
2135 826 2300 856 cognoscunt

1662 869 1745 895 Deum
1764 868 1798 895 ib.
1821 868 1853 895 44
1881 883 1917 888 —
1945 869 2002 895 Mali
2030 872 2192 901 cognoscunt
2216 868 2300 893 Deum

1662 914 1753 945 notitia
1781 914 1907 947 simplici,
1927 914 1974 940 sed
1993 920 2045 939 non
2064 913 2154 939 notitia
2172 911 2302 945 approba-

1663 958 1738 984 tionis
1758 958 1809 984 477
1829 958 1862 984 49

1716 1016 1751 1022 -
1776 1002 1803 1028 ln
1831 1002 1981 1034 cognitione
2011 1002 2158 1028 Divinitatis
2187 1000 2304 1027 consistit

1663 1047 1745 1079 gloria
1774 1050 1879 1073 aeterna
1902 1047 1935 1072 Vl
1957 1046 2007 1072 ⁴49
2026 1053 2053 1072 V.
2073 1046 2107 1072 20
2125 1059 2161 1065 —
2180 1045 2241 1072 Sine
2259 1051 2303 1071 co-

1664 1092 1782 1124 gnitione
1801 1098 1853 1117 non
1872 1094 1958 1123 potest
1977 1093 2048 1117 recte
2067 1089 2202 1122 perveniri
2219 1089 2252 1114 ad
2267 1089 2304 1114 vi·
2348 1097 2351 1100 >

1664 1140 1730 1167 tam,
1749 1136 1881 1162 Christum
1902 1135 1935 1161 52
1955 1142 1981 1160 v.
2002 1135 2018 1160 9
2037 1148 2072 1152 —
2091 1134 2138 1159 Dei
2156 1140 2204 1166 per
2221 1132 2302 1159 ssdem

1664 1181 1801 1206 formatam
1815 1183 1855 1206 est
1867 1179 1992 1212 perfectio
2009 1178 2120 1204 iustitiae
2132 1179 2157 1203 in
2171 1176 2306 1210 praesenti

1665 1224 1717 1250 205
1735 1232 1762 1250 ν.
1781 1224 1796 1249 3

1718 1282 1753 1288 -
1772 1268 1806 1294 de
1825 1268 1879 1294 Deo
1898 1270 1937 1293 est
1954 1274 2002 1299 per
2022 1267 2101 1293 fldem
2121 1266 2154 1292 Vl
2176 1267 2226 1292 192
2248 1267 2297 1292 ν.1

1664 1326 1701 1332 —-
1718 1312 1867 1344 Cognitioni
1894 1312 1941 1337 Dei
1963 1311 2050 1337 obstat
2067 1311 2178 1337 caecitas
2203 1311 2303 1343 peccati

1665 1357 1727 1385 ibid.
1745 1371 1781 1378 —
1800 1357 1942 1384 Credentes
1955 1361 2117 1390 cognoscunt
2129 1357 2213 1383 Deum
2226 1357 2302 1390 quasi

1666 1410 1714 1435 per
1742 1402 1827 1428 visum
1847 1403 1899 1427 602
1919 1403 1934 1427 3
1954 1417 1987 1420 -
2007 1402 2077 1428 0005
2095 1409 2149 1428 non
2167 1401 2305 1434 cognosci-

1667 1450 1708 1472 tur
1727 1453 1742 1472 a
1760 1453 1811 1472 non
1832 1445 2014 1477 credentibus,
2034 1453 2048 1472 a
2067 1453 2120 1472 non
2133 1445 2303 1479 diligentibus

1666 1494 1692 1517 et
1710 1498 1725 1516 a
1743 1498 1796 1516 non
1815 1490 2000 1517 obedientibus
2018 1491 2069 1516 602
2089 1490 2105 1516 4

1719 1550 1754 1554 -
1773 1536 1851 1561 Error
1870 1535 1937 1561 circa
1957 1535 2092 1561 scientiam
2112 1535 2158 1561 Dei
2177 1537 2216 1560 est
2231 1540 2304 1560 error

1666 1579 1690 1605 in
1705 1579 1758 1605 tide
1771 1579 1804 1605 Vl
1819 1580 1865 1605 201
1890 1586 1916 1605 v.
1936 1580 1969 1605 22
1988 1594 2024 1599 -
2043 1580 2112 1605 Vere
2129 1586 2208 1605 nosse
2221 1579 2304 1604 Deum

1665 1627 1705 1650 est
1723 1624 1845 1650 mandata
1865 1624 1921 1650 eius
1940 1624 2073 1650 custodire
2092 1624 2144 1649 370
2163 1623 2198 1648 79

1702 1683 1736 1688 -
1755 1669 1901 1695 necessaria
1921 1672 1947 1695 et
1964 1668 2103 1694 infallibilis
2120 1668 2154 1694 de
2167 1670 2234 1693 statu
2248 1673 2305 1699 gra-

1666 1713 1717 1739 tiae
1735 1715 1784 1740 hac
1802 1714 1830 1739 in
1848 1713 1901 1739 vita
1920 1720 1972 1738 nou
1994 1712 2105 1738 habetur
2129 1712 2180 1737 nisi
2198 1718 2245 1743 per
2263 1718 2305 1737 re-

1666 1758 1821 1784 velationem
1851 1758 1883 1783 Vl
1912 1758 1945 1783 73
1968 1764 1993 1790 q.
2015 1758 2030 1782 2
2047 1770 2084 1776 -
2102 1755 2246 1788 probabilis
2271 1755 2305 1781 de

1665 1805 1733 1829 statu
1752 1803 1852 1835 gratiae
1870 1801 1981 1828 habetur
2000 1807 2047 1833 per
2065 1800 2140 1833 signa
2159 1799 2305 1832 probabilia

1665 1845 1728 1873 ibid.
1749 1861 1782 1866 --
1801 1847 1841 1873 Ad
1860 1847 1970 1872 salutem
1990 1844 2136 1871 necessaria
2158 1848 2197 1871 est
2216 1844 2306 1871 notitia

1666 1891 1860 1923 praemiorum,
1889 1889 2078 1922 suppliciorum
2104 1892 2130 1915 et
2155 1892 2306 1922 praecepto·

1666 1943 1724 1962 rum
1745 1936 1787 1962 Vll
1802 1936 1852 1961 ⁴47
1867 1935 1899 1961 49
1913 1949 1948 1954 —-
1961 1934 2047 1961 delicti
2061 1934 2147 1966 primo
2160 1934 2304 1967 requiritur

1666 1981 1700 2006 ad
1718 1981 1880 2007 curationem
1903 1979 2048 2012 peccatoris
2068 1979 2117 2004 ⁴69
2139 1979 2170 2004 ⁴3
2189 1993 2225 1997 ——
2244 1985 2304 2011 per-

1666 2025 1757 2057 spicua
1776 2024 1893 2051 veritatis
1909 2023 2028 2056 perditur
2046 2022 2080 2048 ab
2099 2023 2235 2049 haereticis
2257 2023 2306 2049 163

1669 2070 1719 2095 102
1731 2083 1768 2089 -
1782 2070 1901 2095 Defectus
1919 2067 2075 2100 cognitionis
2093 2065 2259 2100 plangendus
2272 2067 2305 2093 Vl

1668 2114 1714 2140 271
1740 2115 1772 2140 13
2177 2110 2179 2112 ’

1720 2173 1755 2177 -
1773 2165 1825 2184 non
1844 2159 1949 2184 excusat
1960 2159 2112 2190 peccatum,
2126 2155 2207 2183 immo
2221 2156 2307 2189 magis

1667 2206 1797 2235 aggravat
1815 2202 1848 2228 Vi
1868 2202 1900 2227 46
1920 2209 1946 2235 q.
1966 2201 1981 2227 4

1720 2247 1819 2273 Cottotts
1836 2261 1872 2265 -—
1886 2246 2020 2278 gentilium
2035 2245 2068 2271 ad
2081 2245 2305 2278 comprehenden-

1667 2292 1732 2317 dum
1760 2290 1891 2316 Christum
1921 2290 1953 2315 Vi
1982 2289 2033 2315 478
2063 2289 2087 2315 4.
2108 2290 2158 2316 479
2179 2291 2194 2315 9
2213 2303 2249 2309 —-
2268 2292 2308 2315 est

1669 2335 1807 2361 multitudo
1832 2334 1942 2360 militum
1972 2334 1998 2359 in
2025 2335 2148 2361 societate
2166 2334 2304 2361 constituta

1668 2378 1718 2405 sub
1738 2378 1843 2404 tribuno
1863 2378 1913 2404 480
1934 2379 1967 2404 20

1721 2423 1819 2450 Cottas
1837 2437 1873 2441 ——-
1891 2422 1971 2448 Otiosi
1991 2424 2082 2449 nolunt
2109 2428 2305 2455 unumycrum

1669 2468 1751 2493 Deum
1772 2467 1851 2499 digne
1870 2467 1956 2493 colere
1976 2468 2007 2493 Vl
2029 2468 2078 2494 199
2098 2476 2123 2493 ν.
2145 2468 2178 2493 ⁴4

1721 2511 1873 2538 Cottocuno
1893 2525 1925 2530 —
1945 2515 1983 2537 cst
2002 2511 2148 2545 laudabilis,
2169 2511 2190 2537 si
2208 2514 2247 2536 est
2272 2510 2306 2536 do

1668 2555 1737 2581 bona
1757 2555 1863 2580 materia
1884 2555 1926 2581 Vll
1947 2556 1997 2582 592
2019 2557 2050 2582 19

1721 2598 1811 2625 cotom
1830 2613 1865 2618 —
1884 2602 1945 2625 sunt
1972 2600 2053 2626 duces
2081 2603 2106 2626 et
2125 2605 2246 2632 proceres
2265 2605 2305 2629 sy-

1668 2650 1788 2675 nagogae
1807 2643 1849 2669 Vll
1864 2643 1915 2669 504
1936 2644 1978 2670 12.
1998 2644 2049 2669 505
2065 2644 2097 2669 15
2116 2658 2151 2662 -
2171 2645 2304 2674 5111110110-

1668 2687 1745 2716 rarii,
1764 2687 1809 2720 qui
1829 2688 1862 2713 ad
1882 2689 2017 2714 colendam
2036 2688 2140 2713 vineam
2160 2686 2240 2712 variis
2259 2686 2306 2711 ho-

1668 2731 1704 2756 ris
1722 2731 1772 2756 diei
1792 2735 1852 2757 sunt
1870 2732 1992 2758 conducti
2012 2731 2046 2758 ib.
2067 2732 2099 2757 ⁴2
2119 2744 2154 2750 —-
2172 2730 2198 2755 in
2222 2729 2304 2755 Eccle-

1668 2775 1705 2800 sia
1729 2778 1790 2801 sunt
1812 2776 1929 2808 episcopi
1958 2780 1983 2801 et
2009 2775 2159 2801 sacerdotes
2184 2773 2246 2800 ibid.
2269 2787 2305 2793 —

1668 2818 1766 2845 debent
1787 2820 1875 2852 spinas
1903 2820 2055 2849 incendere,
2084 2817 2194 2843 tribulos
2221 2817 2306 2843 eradi-

1668 2870 1741 2896 care,
1761 2865 1859 2890 semina
1879 2864 1947 2890 bona
1966 2869 2092 2896 spargere
2111 2861 2173 2887 ibid.
2192 2876 2227 2880 —
2245 2866 2307 2889 sunt

1668 2908 1830 2939 sacerdotes,
1850 2909 1894 2941 qui
1914 2914 2004 2933 curam
2025 2905 2114 2938 populi
2134 2910 2307 2938 susceperunt

1668 2950 1729 2978 ibid.
1743 2966 1778 2971 —
1791 2959 1844 2978 non
1856 2953 2015 2983 acceperunt
2032 2956 2121 2975 servos
2137 2950 2240 2976 Domini
2253 2950 2305 2976 505

1669 2996 1702 3021 15
1722 3010 1755 3014 —-
1771 2995 1870 3022 dehent
1883 2994 2011 3021 coloniam
2026 2993 2223 3025 diligentissime
2236 2992 2305 3021 excr-

1667 3047 1740 3071 ccre,
1760 3040 1821 3073 quia
1841 3040 1873 3065 ad
1894 3039 1944 3064 hoc
1963 3037 2070 3063 instituti
2083 3041 2144 3064 sunt
2157 3038 2208 3064 504
2224 3039 2256 3064 ⁴2
2269 3053 2304 3057 —

1666 3087 1726 3109 sunt
1753 3083 1881 3116 operarii,
1908 3082 1955 3114 qui
1982 3081 2015 3107 ad
2043 3082 2179 3108 colendam
2200 3083 2303 3108 vineam

1668 3129 1730 3153 hora
1751 3127 1851 3159 prima,
1879 3125 1968 3156 tertia,
1997 3129 2066 3151 sexta
2095 3130 2121 3152 et
2148 3133 2215 3152 nona
2244 3129 2306 3152 sunt

1666 3171 1786 3198 conducti
1806 3169 1866 3196 ibid.
1885 3183 1921 3189 —
1939 3169 2051 3196 Colonus
2068 3171 2182 3203 paradisi
2194 3171 2228 3197 de
2246 3177 2305 3203 pos-

1665 3215 1781 3241 sessione
1794 3220 1840 3240 503
1854 3220 1869 3239 a
1888 3213 1996 3239 muliere
2015 3215 2062 3240 fuit
2079 3215 2177 3241 eiectus
2199 3215 2251 3240 519
2270 3212 2304 3239 55

1719 3258 1836 3285 Comum
1855 3271 1890 3277 —
1909 3261 1948 3284 est
1965 3258 2073 3291 simplex
2101 3259 2210 3289 animal,
2232 3264 2304 3283 man-

1665 3305 1769 3329 suetum
1794 3304 1819 3327 et
1844 3302 2006 3329 tructuosum
2036 3303 2068 3329 Vl
2089 3302 2135 3329 261
2159 3302 2193 3327 70
2212 3315 2247 3320 -
2266 3303 2304 3327 051

1665 3345 1778 3372 maxime
1801 3345 1892 3372 cultrix
1911 3346 2024 3373 caritatis
2043 3347 2086 3373 Vll
2105 3346 2138 3372 53
2158 3346 2192 3371 83
2211 3347 2246 3363 ⁴—
2265 3347 2304 3370 est

1665 3390 1749 3421 figura
1757 3389 1925 3423 innocentiae,
1936 3389 2142 3417 mansuetudinis
2149 3395 2209 3416 cum
2218 3388 2300 3421 gratia
