2427 3872
448 223 516 250 ΜΟΑ

162 271 304 303 praecepta
323 268 443 300 decalogi
463 269 514 294 479
537 268 567 293 l9
587 282 621 287 —
641 268 689 293 Per
713 268 806 293 decem

163 321 238 340 mnas
256 313 403 339 insinuatur
422 312 589 345 intelligentia
609 313 724 344 perlecta
741 311 806 337 Scri-

161 361 299 391 pturarum
319 356 380 384 ibid.

215 415 248 420 —
268 401 436 434 spiritualiter
454 400 532 426 datur
551 400 585 426 ad
614 400 804 432 negotiandum

160 445 338 478 praedicando
357 448 382 470 et
402 444 582 471 fructificando
597 445 638 470 Vll
652 444 703 470 479
723 444 757 469 20
770 458 805 462 --

160 490 257 516 dicitur
275 489 399 521 scientia,
419 489 501 521 gratia
523 491 548 514 et
566 488 683 515 doctrina
705 487 756 514 485
771 488 803 513 36

160 547 195 553 -
213 536 252 560 εει
271 533 382 566 pecunia
401 532 478 559 nobis
497 539 620 559 concessa
640 532 674 558 ad
694 532 801 557 fructill-

161 578 276 603 can'dum
294 576 357 604 ibid.
370 591 405 595 —-
424 577 510 608 magis
529 577 606 602 datur
624 576 647 601 ei
666 576 711 608 qui
726 575 804 601 habet

160 622 253 648 decem
273 620 307 648 ib.
326 621 361 647 37
379 635 414 640 -
439 621 486 653 qui
512 620 591 646 habet
615 620 709 646 decem
738 619 803 645 desi-

161 668 224 698 gnat
242 665 300 691 illos
318 665 363 698 qui
382 665 487 691 ludaico
506 665 606 696 populo
635 663 803 696 praedicave-

160 712 221 736 runt
240 708 302 736 ibid.

213 767 249 773 —
266 753 359 779 decem
379 753 519 779 drachmas
542 752 669 785 appendit
688 752 731 778 Vll
752 752 802 777 479

162 798 195 824 19
213 811 250 817 -
269 804 320 823 una
340 797 400 823 facit
418 797 511 823 decem
532 796 577 822 481
604 797 636 822 26
657 811 691 815 —
710 799 749 822 est
762 803 802 822 re-

159 842 243 874 posita
263 842 289 867 in
309 841 429 874 sudario,
449 841 557 875 quando
577 841 678 867 affectio
697 843 802 866 mortua

159 886 191 913 ad
213 886 363 919 proximum
388 885 525 912 abscondit
553 886 684 919 loquelam
715 888 740 911 et
758 885 802 911 do-

159 931 267 957 ctrinam
288 933 396 963 propter
415 931 510 956 malam
537 930 633 961 vitam,
653 930 694 956 vel
713 930 802 956 cordis

160 975 295 1001 dissidium
316 975 367 1000 484
387 975 419 1000 33
439 988 475 994 -
493 974 677 1000 absconditum
694 980 802 1006 compu-

158 1019 221 1045 truit
239 1018 300 1046 ibid.
319 1033 355 1038 —
373 1019 401 1044 in
420 1019 527 1045 sudario
547 1026 599 1045 non
614 1019 802 1051 multiplicatur

160 1063 222 1090 ibid.

212 1108 283 1134 Mons
293 1121 328 1126 —
338 1110 377 1133 est
389 1107 474 1139 figura
488 1108 631 1133 carnalium
646 1108 689 1133 Vll
702 1107 753 1133 539
767 1108 801 1133 57

213 1153 340 1178 Mones-m
359 1167 394 1170 —
414 1153 462 1177 Per
481 1152 636 1178 modestiam
665 1159 801 1178 conversa-

159 1196 236 1222 tionis
254 1196 401 1223 custoditur
421 1197 500 1222 homo
520 1203 600 1222 sanus
614 1197 645 1222 Vl
659 1196 706 1222 561
725 1204 751 1222 v.
767 1196 800 1222 14

213 1241 348 1266 ΜοεετιτιΑ
367 1254 401 1260 -·
415 1241 462 1266 Per
476 1241 633 1267 moestitiam
647 1241 734 1267 cordis
747 1241 800 1267 dia-

159 1283 236 1311 bolus
254 1285 361 1311 dilaniat
380 1288 405 1311 et
430 1285 584 1317 praecipitat
611 1286 636 1310 in
666 1286 800 1317 impatien-

160 1329 221 1355 tiam
242 1329 284 1355 Vll
304 1329 350 1355 241
375 1329 409 1355 76

213 1374 299 1399 Motae
317 1387 352 1393 -
371 1374 518 1406 spirituales
537 1376 597 1400 sunt
611 1380 671 1406 spes
684 1377 709 1399 et
722 1374 801 1400 timor

158 1418 202 1444 Vll
223 1418 273 1443 446
294 1418 328 1444 59

211 1463 354 1488 ΜοΜΕΝτυΜ
382 1477 417 1481 -—
445 1463 540 1489 dicitur
568 1469 583 1488 a
608 1463 741 1488 movendo
766 1463 799 1489 Vl

160 1507 209 1536 183
231 1504 257 1532 v'.
277 1508 309 1532 22

212 1552 282 1577 Mons
299 1565 335 1570 —
353 1554 392 1577 est
410 1551 483 1577 locus
502 1551 620 1577 eminens
644 1554 670 1577 et
688 1558 702 1576 a
723 1554 800 1577 terrc-

158 1595 198 1621 nis
217 1596 250 1622 ad
270 1596 389 1621 caelestia
409 1598 547 1628 porrectus
576 1596 619 1622 Vll
640 1596 686 1621 231
713 1595 745 1621 46
767 1610 799 1614 -

157 1639 206 1665 Per
229 1643 346 1666 montem
376 1640 527 1672 intelligitur
555 1640 703 1666 excellentia
731 1640 800 1665 vitae

158 1684 191 1710 Vl
212 1685 263 1710 623
283 1685 297 1710 3
327 1698 363 1704 —
386 1687 425 1710 est
448 1685 560 1710 idoneus
587 1684 799 1716 contemplationi

158 1731 183 1754 et
202 1729 312 1754 orationi
339 1729 382 1754 Vll
407 1729 453 1754 231
488 1728 521 1753 46
549 1742 584 1748 -
613 1728 684 1761 Apex
705 1728 800 1754 montis

158 1773 282 1805 competit
310 1772 546 1805 contemplantibus
574 1773 625 1798 239
654 1772 688 1798 72
714 1787 749 1790 -
773 1773 799 1798 ln

157 1824 266 1843 ascensu
286 1818 381 1843 montis
406 1817 576 1849 designantur
594 1820 707 1850 quatuor
727 1820 799 1843 actus

158 1862 228 1888 vitae
246 1862 478 1894 contemplativae,
497 1862 524 1887 in
538 1862 666 1888 descensu
685 1865 799 1894 quatuor

157 1906 227 1932 vitae
254 1906 354 1932 activae
373 1905 435 1932 ibid.
455 1920 490 1924 —
509 1909 548 1932 est
576 1906 688 1932 idoneus
706 1906 740 1931 ad
759 1906 798 1932 di-

157 1951 232 1976 vinas
257 1950 450 1982 apparitiones,
475 1950 658 1976 instructiones
687 1953 713 1976 et
736 1957 798 1976 con-

156 1995 339 2027 templationes
358 1995 404 2020 231
430 1995 462 2020 46
482 2008 517 2014 -
537 1995 666 2026 significat
684 1995 799 2021 eminen-

157 2039 219 2065 tiam
239 2039 307 2065 vitae
335 2039 554 2071 contemplativae
581 2040 631 2065 232
652 2040 685 2065 50
706 2053 739 2058 -—
759 2042 798 2065 est

157 2084 230 2109 locus
249 2083 404 2116 magisterii,
434 2084 567 2116 sacrificii,
587 2084 713 2114 incendii,
732 2085 798 2110 retu-

157 2128 206 2159 gii,
225 2127 329 2159 silentii,
348 2135 469 2160 pascuae,
489 2128 645 2154 eminentiae
663 2127 725 2154 ibid.

209 2172 350 2197 Mowmum
369 2186 404 2190 —-
422 2172 518 2198 dicitur
545 2179 596 2198 non
620 2173 706 2198 solum
732 2172 797 2204 quid

157 2215 290 2248 mirabile,
309 2216 356 2242 sed
375 2216 453 2242 etiam
473 2215 598 2242 horribile
616 2217 650 2242 Vl
670 2216 721 2241 230
741 2223 767 2242 v.
783 2217 797 2241 8

156 2273 191 2279 —
210 2263 298 2286 contra
311 2263 420 2286 naturae
432 2267 601 2286 communem
614 2267 721 2286 cursum
735 2261 800 2286 ssunt

159 2305 209 2330 162
229 2311 254 2330 v.
275 2305 290 2329 8

209 2349 386 2374 Mesenen-run
404 2362 440 2368 —
457 2348 605 2375 Clausit-um
620 2352 730 2375 vocatur
743 2356 796 2374 mo-

156 2395 310 2418 numentum
330 2393 464 2425 spirituale
492 2393 524 2418 Vl
544 2393 594 2418 619
624 2400 650 2418 v.
670 2393 698 2418 41
736 2391 799 2418 Vide

155 2444 178 2463 v.
199 2436 370 2470 Sepulcrum.
398 2451 433 2455 —-
461 2437 556 2463 dieitur
585 2437 660 2470 quasi
687 2444 798 2462 monens

155 2485 269 2507 mentem
289 2481 350 2508 ibid.
369 2496 404 2500 ——
424 2482 471 2508 Per
490 2484 691 2508 monumentum
706 2481 796 2507 intelli-

157 2526 226 2557 gitur
245 2526 361 2552 studium
382 2526 577 2558 scripturarum
597 2525 658 2552 ibid.

211 2570 280 2596 Mons
298 2585 332 2588 —
346 2573 385 2596 est
397 2571 511 2602 privatio
524 2571 593 2595 vitae
608 2570 640 2595 Vl
654 2570 705 2595 212
720 2577 746 2595 v.
764 2570 796 2595 13

157 2628 191 2632 -
210 2615 325 2640 carentia
344 2615 490 2646 appellatur
510 2614 561 2640 589
583 2614 616 2639 10
635 2627 670 2633 —-
689 2616 728 2639 est
747 2613 797 2645 pri-

157 2658 228 2684 vatio
247 2659 280 2684 56
299 2666 326 2691 q.
346 2659 356 2684 1
379 2673 415 2677 -
434 2661 473 2684 est
492 2658 625 2690 corruptio
645 2657 714 2683 vitae
733 2656 796 2683 ibid.

157 2715 193 2721 —
211 2705 250 2728 est
269 2703 404 2728 dIssolutio
424 2701 486 2729 ibid.
505 2717 538 2721 —-
559 2705 598 2728 est
616 2702 699 2728 finalis
713 2701 797 2727 termi-

157 2753 207 2772 nus
226 2747 295 2772 vitae
314 2747 356 2772 vel
375 2747 512 2772 dissolutio
526 2747 628 2772 animae
641 2749 666 2772 et
679 2745 797 2777 corporis

158 2791 210 2816 397
231 2790 263 2816 14
283 2805 318 2809 -
336 2791 462 2816 Praesens
481 2791 534 2816 vita
555 2798 626 2816 mors
646 2793 684 2815 est
697 2790 744 2815 311
763 2789 795 2815 48

157 2849 191 2853 —
211 2835 292 2860 Morte
311 2838 448 2866 separatur
461 2835 568 2866 spiritus
587 2841 601 2859 a
621 2841 731 2866 corpore
745 2834 795 2859 212

157 2886 184 2904 ν.
205 2879 237 2904 14
256 2893 292 2897 -
310 2879 455 2910 corporalis
471 2882 512 2904 est
529 2878 659 2909 separatio
678 2878 796 2909 corporis

157 2922 191 2948 ab
211 2923 298 2948 anima
319 2923 368 2948 116
388 2929 414 2948 v.
436 2923 468 2947 12
488 2935 523 2941 -
543 2922 590 2946 Per
617 2924 728 2947 mortem
754 2928 797 2946 na-

158 2970 232 2993 turae
245 2970 381 2999 separatur
394 2967 480 2992 anima
494 2973 508 2991 a
522 2972 633 2997 corpore
646 2965 689 2991 Vll
702 2965 751 2990 419
763 2965 795 2991 47

210 3025 245 3031 -
264 3014 303 3037 est
330 3014 412 3037 status
440 3010 548 3036 humani
576 3010 742 3036 deterioratio
762 3010 795 3035 Vl

158 3056 191 3081 73
203 3062 229 3081 v.
241 3055 256 3081 4
269 3069 304 3075 —-
318 3055 468 3087 temporalis
481 3057 590 3083 vocatur
603 3054 796 3085 exterminium,

158 3100 219 3132 quia
240 3100 353 3126 excludit
371 3107 386 3125 a
405 3100 457 3125 vita
478 3099 608 3131 praesenti
629 3098 679 3123 126
693 3105 718 3123 v.
733 3098 747 3123 3
761 3113 796 3116 -

159 3144 227 3169 Mors
245 3144 367 3169 naturalis
387 3147 426 3169 cst
444 3150 491 3175 per
516 3142 725 3169 consumtionem
752 3143 796 3168 liu-

159 3187 223 3213 midi
242 3188 367 3214 naturalis
386 3188 414 3212 61
439 3195 465 3220 q.
485 3187 500 3212 3
520 3200 555 3206 -—
574 3185 699 3211 naturalis
714 3187 797 3211 aufert

160 3237 281 3262 sensum,
300 3231 428 3263 verbum,
449 3237 570 3263 gressum
590 3230 640 3256 589
654 3229 671 3254 7
685 3243 719 3248 —
733 3230 796 3255 Mor-

159 3277 219 3300 tuus
239 3282 289 3301 non
309 3275 389 3301 habet
407 3279 494 3301 actum
514 3274 648 3301 exterioris
669 3274 796 3305 operatio-

158 3318 200 3344 nis
217 3318 251 3344 74
271 3326 297 3345 v.
316 3320 331 3344 6
351 3333 387 3339 -
399 3319 491 3345 Mortui
506 3325 553 3344 nec
566 3320 665 3344 motum
680 3324 727 3344 nec
740 3324 796 3344 sen—

834 179 871 211 IN
895 177 1189 210 COMMENTARIOS
1213 178 1242 209 S.
1266 177 1493 210 SCRIPTURAE

845 273 903 292 sum
924 265 1021 292 habent
1035 265 1069 292 ib.
1081 273 1108 291 v.
1123 266 1139 291 5
1152 280 1187 285 —
1200 267 1227 291 ln
1247 269 1306 292 actu
1326 266 1484 298 cognitionis

844 311 964 336 viventes
983 310 1144 342 praecellunt
1163 312 1281 336 mortuos
1301 309 1362 336 ibid.

896 369 930 372 —
951 353 1065 386 Quilibet
1084 354 1177 379 vivens
1189 357 1435 386 quantumcumque
1449 355 1484 380 vi-

843 399 874 424 lis
893 398 985 424 melior
1004 400 1042 423 est
1062 401 1166 423 mortuo
1181 398 1212 424 Vl
1226 398 1260 423 73
1280 405 1307 424 v.
1328 398 1342 424 4
1362 413 1398 417 -
1417 399 1483 424 Mor-

843 445 903 468 tuus
935 443 1081 474 praesertur
1114 442 1176 467 vivo
1203 442 1227 467 in
1253 443 1482 474 exaggerationem

842 487 1020 519 praesentium
1040 486 1197 511 malitiarum
1216 489 1241 511 et
1261 486 1435 512 miseriarium
1449 487 1482 511 38

841 538 868 563 q.
883 531 892 556 1
911 545 945 549 ——
960 530 1116 562 Simpliciter
1135 530 1267 562 loquendo
1280 531 1426 561 praefertur
1445 531 1482 556 vi-

841 582 907 601 vens
925 577 1043 607 mortuo,
1062 574 1112 599 nisi
1131 574 1243 600 addatur
1270 574 1385 599 conditio
1405 573 1483 599 beati-

841 619 937 645 tudinis
951 618 1013 645 ibid.
1027 632 1060 636 —
1074 619 1219 650 praefertur
1232 618 1302 644 vitae
1311 618 1410 643 ratione
1421 625 1482 643 con-

839 663 973 696 sequentis
992 663 1025 688 56
1045 670 1070 695 q.
1093 663 1102 687 1
1121 676 1156 681 -
1169 669 1221 687 non
1244 663 1390 694 praefertur
1412 662 1482 687 vitae

840 707 939 733 ratione
958 707 998 732 sui
1018 706 1052 733 ib.
1074 707 1101 732 1*

893 766 927 769 -
948 752 1041 777 Mortui
1061 751 1126 776 mala
1147 754 1173 777 et
1191 751 1357 777 crudelitates
1370 757 1423 776 non
1443 750 1482 776 vi-

839 796 902 822 dent
921 796 954 821 Vl
973 795 1006 821 37
1027 803 1053 821 v.
1074 795 1088 820 3
1102 809 1137 814 —
1150 795 1243 821 Mortui
1263 802 1315 821 non
1335 794 1433 820 habent
1447 795 1481 820 as-

841 840 978 866 sectionem
1007 840 1042 865 ad
1071 840 1205 865 mundana
1229 840 1263 865 75
1283 847 1308 872 q.
1330 839 1344 864 4
1366 854 1399 857 -
1419 839 1482 865 Mor-

839 887 900 910 tuus
918 891 970 910 non
989 884 1101 910 afficitur
1120 887 1148 910 ut
1166 884 1241 916 prius
1259 884 1286 909 in
1305 884 1358 909 vita
1376 883 1411 909 74
1425 891 1451 909 v.
1465 884 1480 908 6

840 943 874 947 -
892 929 1009 955 Mortuus
1038 931 1107 954 tenet
1134 928 1265 961 quidquid
1293 928 1384 954 aetatis
1410 931 1480 954 retro

839 976 878 999 est
897 973 948 999 588
971 973 985 998 4
1005 987 1040 992 —
1062 973 1156 998 Mortui
1181 974 1246 998 haec
1269 972 1404 998 mundana
1429 979 1480 998 non

839 1020 970 1043 noverunt
988 1017 1023 1043 75
1042 1025 1068 1050 q.
1090 1017 1104 1043 4
1123 1030 1159 1036 —
1177 1017 1271 1043 Mortui
1300 1024 1353 1042 non
1372 1019 1433 1042 sunt
1453 1017 1479 1042 in

840 1062 967 1088 memoria
987 1062 1183 1088 mundanorum
1203 1061 1266 1088 ibid.

892 1121 926 1125 ——
946 1107 1063 1132 Mortuus
1081 1106 1202 1132 laudatur
1223 1106 1419 1138 comparatione
1444 1105 1481 1131 vi-

839 1151 956 1177 ventium
988 1152 1019 1176 Vl
1049 1151 1082 1176 49
1102 1158 1129 1184 q.
1148 1152 1163 1176 2
1183 1165 1218 1170 -
1237 1151 1300 1176 Mori
1329 1151 1418 1176 utilius
1442 1153 1481 1176 est

838 1196 914 1221 malis
933 1202 1013 1228 quam
1034 1195 1125 1221 vivere
1144 1196 1177 1220 68
1198 1203 1223 1221 v.
1249 1196 1290 1220 12.
1311 1195 1344 1220 69
1364 1202 1390 1227 q.
1410 1196 1425 1220 2
1445 1208 1481 1214 —

839 1240 901 1266 Mori
930 1243 969 1265 est
988 1240 1024 1265 ire
1043 1240 1068 1265 in
1089 1240 1199 1265 domum
1228 1240 1388 1265 aeternitatis
1416 1246 1480 1264 suae

838 1284 872 1310 94
891 1291 917 1309 v.
938 1284 954 1309 5
973 1298 1008 1303 —
1028 1284 1179 1316 temporalis
1198 1286 1269 1309 extra
1289 1284 1430 1309 terminum
1445 1283 1480 1309 vi-

838 1331 879 1354 tae
898 1331 1005 1354 naturae
1024 1329 1099 1360 ponit
1119 1328 1169 1353 117
1189 1335 1215 1353 ν.
1234 1328 1267 1353 14
1280 1328 1480 1360 —temporalis

838 1376 877 1399 est
895 1373 971 1406 quasi
992 1372 1085 1398 umbra
1106 1372 1197 1398 mortis
1218 1372 1269 1398 125
1288 1380 1314 1398 v.
1336 1373 1345 1397 1
1369 1387 1404 1391 -
1418 1375 1480 1398 tem-

839 1418 934 1450 poralis
952 1420 991 1443 est
1009 1417 1118 1449 quidam
1138 1417 1261 1442 transitus
1274 1417 1308 1442 ad
1322 1417 1403 1442 vitam
1417 1416 1478 1443 ibid.

837 1475 872 1480 —
892 1461 1044 1493 gehennalis
1064 1461 1137 1492 ponit
1150 1464 1220 1486 extra
1234 1461 1360 1487 terminos
1380 1461 1480 1493 gloriae

839 1506 889 1531 117
909 1513 935 1531 ν.
956 1505 989 1531 14

890 1563 926 1569 -
945 1550 1007 1575 nihil
1020 1553 1073 1580 est,
1086 1552 1111 1575 et
1124 1549 1184 1576 ideo
1198 1556 1305 1575 causam
1323 1550 1478 1576 efficientem

837 1601 889 1620 non
910 1593 1001 1625 habet,
1021 1594 1069 1620 sed
1088 1594 1253 1620 deficientem
1274 1595 1307 1620 Vl
1328 1595 1378 1620 212
1399 1602 1425 1620 v.
1446 1595 1478 1620 13

836 1652 872 1657 -
891 1641 930 1664 εει
949 1645 996 1670 per
1015 1638 1197 1670 impotentiam
1217 1640 1362 1665 naturalem
1380 1640 1431 1665 300
1445 1639 1479 1665 74

837 1697 873 1702 —
893 1683 961 1709 Deus
980 1690 1031 1709 non
1051 1686 1090 1709 est
1109 1690 1187 1709 causa
1208 1684 1340 1712 meritoria
1360 1691 1408 1710 nec
1428 1685 1480 1709 esil-

837 1728 909 1754 ciens
929 1728 1035 1758 mortis,
1050 1727 1128 1754 habet
1142 1731 1229 1754 tamen
1243 1731 1397 1760 potestatem
1413 1736 1479 1754 mor-

838 1773 869 1798 tis
888 1773 939 1798 212
960 1780 984 1798 v.
1007 1773 1039 1798 13
1059 1786 1094 1792 -
1116 1775 1225 1798 naturae
1253 1780 1305 1798 non
1325 1777 1364 1798 est
1383 1779 1398 1798 a
1427 1773 1480 1798 Deo

836 1819 964 1850 quantum
980 1817 1013 1843 ad
1028 1817 1218 1848 privationem,
1232 1817 1279 1843 sed
1297 1820 1425 1849 quantum
1446 1817 1480 1843 ad

836 1868 943 1887 sensum
962 1861 1059 1888 doloris
1089 1862 1138 1886 116
1168 1869 1193 1887 v.
1218 1861 1246 1886 13
1268 1875 1302 1880 -
1327 1868 1379 1887 non
1407 1864 1479 1887 esta

837 1906 890 1931 Deo
908 1912 958 1931 nec
977 1913 991 1931 a
1011 1909 1115 1936 natura,
1143 1906 1189 1931 sed
1218 1904 1252 1931 ab
1272 1906 1393 1931 iniustitia
1423 1913 1480 1938 per-

837 1957 928 1975 versae
948 1951 1089 1976 voluntatis
1111 1950 1160 1975 117
1179 1957 1205 1975 ν.
1227 1951 1259 1976 15
1278 1964 1313 1969 -
1332 1950 1479 1976 secundum

836 1994 863 2020 id
888 1995 961 2027 quod
983 1998 1036 2025 est,
1064 1997 1104 2020 est
1131 2001 1145 2020 a
1175 1995 1228 2020 Deo
1254 1995 1401 2027 infligente,
1431 2002 1478 2026 per

836 2046 915 2072 quam
936 2039 1064 2070 contingit
1083 2039 1179 2064 mereri
1194 2039 1244 2064 382
1265 2039 1298 2064 55

890 2097 924 2102 ——
944 2086 983 2109 est
1002 2084 1137 2115 multiplex
1157 2083 1190 2108 Vl
1210 2083 1261 2108 588
1283 2084 1307 2114 1,
1328 2084 1343 2109 2
1363 2097 1398 2102 -
1417 2083 1478 2115 Qui-

836 2127 897 2153 dam
918 2128 1066 2153 moriuntur
1085 2130 1215 2159 egestate,
1244 2127 1352 2160 quidam
1374 2127 1478 2152 infirmi-

836 2175 901 2203 tate,
920 2172 1029 2204 quidam
1049 2172 1208 2197 adversitate
1227 2171 1277 2197 559
1293 2179 1319 2196 v.
1335 2171 1367 2196 49
1381 2185 1415 2190 —
1429 2171 1477 2196 l‘ro

836 2216 959 2242 omnibus
978 2215 1129 2241 viventibus
1157 2218 1196 2241 est
1223 2219 1328 2247 tempus
1348 2215 1477 2240 moriendi

837 2261 870 2285 29
889 2267 914 2285 ν.
936 2261 950 2285 2
970 2274 1005 2279 -
1023 2260 1094 2285 Unus
1114 2262 1153 2285 est
1178 2259 1298 2285 interitus
1318 2259 1431 2284 hominis
1450 2262 1475 2284 et

837 2305 1014 2330 iumentorum
1034 2304 1060 2329 in
1080 2306 1164 2329 morte
1178 2303 1212 2329 35
1232 2311 1258 2329 v.
1281 2303 1313 2328 19
1333 2316 1368 2322 -—
1388 2303 1477 2328 Nullus

837 2352 947 2374 mortem
976 2348 1063 2373 evadit
1091 2348 1141 2373 370
1171 2347 1204 2372 77
1233 2361 1267 2365 -
1293 2347 1417 2373 Viventes
1442 2347 1476 2373 de

836 2396 920 2419 morte
940 2393 1002 2418 certi
1022 2395 1082 2417 sunt
1100 2392 1133 2417 73
1149 2399 1174 2417 v.
1189 2392 1205 2416 5
1218 2405 1252 2410 —
1266 2391 1363 2417 Omnes
1377 2391 1476 2417 debent

835 2437 901 2462 mori
922 2437 973 2461 528
994 2436 1026 2461 47
1047 2451 1081 2454 -
1101 2436 1190 2461 Nullus
1215 2436 1304 2461 evadit
1323 2436 1415 2461 mortis
1434 2436 1475 2462 iu-

834 2481 932 2507 dicium
952 2480 985 2505 73
1007 2487 1032 2506 v.
1053 2479 1078 2505 4.
1096 2479 1130 2505 74
1150 2487 1178 2505 v.
1197 2480 1213 2505 5

888 2538 923 2543 —
942 2524 1038 2549 Doctus
1058 2526 1083 2549 et
1102 2524 1222 2549 indoctus
1237 2524 1261 2549 in
1276 2524 1413 2549 moriendo
1427 2531 1473 2556 pa-

834 2576 876 2594 res
894 2571 954 2594 sunt
974 2568 1006 2593 'vl
1026 2568 1060 2593 25
1074 2575 1099 2593 v.
1115 2567 1155 2599 14,
1171 2568 1213 2593 16.
1227 2568 1259 2593 26
1274 2575 1301 2601 q.
1314 2569 1329 2594 2
1344 2582 1379 2587 -
1392 2569 1474 2594 Nemo

835 2613 927 2644 effugit
945 2612 1037 2638 mortis
1056 2612 1211 2638 senteutiam
1225 2615 1334 2644 propter
1347 2619 1423 2638 suam
1437 2620 1474 2639 su·

835 2657 958 2688 pientiam
988 2656 1021 2681 25
1047 2664 1073 2682 v.
1094 2656 1127 2681 14
1146 2670 1181 2674 -
1201 2657 1226 2682 ln
1246 2656 1362 2688 periculo
1382 2658 1474 2683 mortis

834 2708 886 2726 non
906 2704 945 2726 est
963 2700 1098 2726 ssdendum
1118 2701 1152 2726 de
1171 2701 1277 2733 ingenio
1304 2702 1347 2727 Vll
1368 2702 1419 2727 315
1440 2703 1473 2728 19

887 2759 921 2763 -
940 2745 1022 2770 Nemo
1037 2748 1121 2777 potest
1134 2745 1289 2777 prohibere,
1308 2746 1373 2779 quin
1387 2746 1474 2771 veniat

834 2792 938 2820 tempus
966 2789 1057 2815 mortis
1087 2790 1118 2815 Vl
1139 2790 1172 2815 66
1193 2797 1217 2815 v.
1239 2790 1254 2815 8
1273 2804 1307 2809 -—
1328 2790 1473 2816 Necessitas

833 2833 930 2859 inssrmi
949 2837 987 2858 est
1013 2833 1173 2859 imminentia
1203 2833 1294 2859 mortis
1321 2834 1372 2859 559
1393 2841 1420 2859 v.
1440 2833 1472 2858 49

833 2892 867 2895 -
887 2877 1000 2909 Quilibet
1014 2878 1093 2903 homo
1108 2877 1218 2902 moritur
1231 2877 1397 2906 necessitate,
1412 2877 1473 2901 Mar—

834 2924 874 2952 tyr
893 2922 1042 2953 voluntate,
1061 2921 1180 2947 Christus
1199 2921 1333 2946 voluntate
1351 2920 1429 2946 simul
1447 2923 1472 2945 et

834 2968 961 2997 potestate
981 2966 1032 2991 389
1052 2966 1086 2990 30

887 3024 920 3028 -—
940 3010 1004 3035 Nulli
1019 3010 1222 3035 determinatum
1237 3011 1289 3037 ost,
1302 3014 1350 3033 nec
1364 3007 1471 3040 quando

833 3061 881 3079 nec
901 3054 1036 3086 quomodo
1064 3052 1159 3079 debeat
1187 3052 1252 3077 mori
1278 3052 1310 3076 vt
1330 3051 1364 3076 76
1385 3059 1409 3075 v.
1438 3052 1470 3077 12

835 3112 867 3116 -
887 3098 985 3124 homini
1014 3100 1121 3128 repente
1149 3095 1317 3128 superveniet
1346 3094 1407 3121 ibid.
1434 3109 1469 3114 -—

833 3142 898 3168 Nihil
917 3145 955 3168 est
975 3142 1071 3168 certius
1091 3144 1186 3172 morte,
1206 3143 1231 3165 et
1251 3140 1312 3165 nihil
1331 3143 1370 3165 ost
1389 3140 1470 3165 incer-

834 3186 883 3211 tius
902 3187 966 3211 hora
996 3185 1086 3211 mortis
1106 3185 1148 3210 vll
1169 3184 1219 3209 327
1240 3183 1273 3209 59
1292 3197 1327 3203 -
1347 3184 1468 3216 Videtur,

833 3230 906 3263 quod
925 3237 996 3256 mors
1020 3229 1077 3255 talis
1096 3229 1137 3254 vel
1157 3228 1214 3254 talis
1233 3234 1295 3253 casu
1314 3228 1418 3254 eveniat
1439 3228 1468 3253 Vl

833 3274 866 3300 76
887 3281 912 3299 v.
934 3275 966 3300 12
985 3287 1020 3293 -
1039 3275 1065 3299 ln
1086 3276 1204 3304 tempore
1222 3279 1270 3298 suo
1290 3272 1357 3297 mori
1376 3275 1415 3297 est
1427 3272 1468 3297 vel

833 3318 858 3344 in
872 3321 989 3350 tempore
1003 3324 1065 3343 suae
1078 3316 1179 3347 salutis,
1193 3316 1233 3342 vel
1247 3319 1331 3342 morte
1349 3315 1470 3347 naturali,

2095 183 2158 214 795

1809 223 1876 250 ,11011

1524 267 1564 292 vel
1585 269 1704 299 tempore
1723 267 1771 293 sibi
1792 275 1805 293 a
1826 268 1879 294 Deo
1899 269 2035 300 praefinito
2056 270 2083 295 61
2105 278 2130 303 q.
2146 272 2160 296 3

1522 324 1557 330 —-
1577 311 1708 343 Tempore
1727 319 1790 337 suae
1809 313 1898 338 salutis
1912 314 2057 339 moriuntur
2071 321 2161 340 omncs

1523 354 1584 380 boni
1605 359 1629 380 et
1649 356 1709 380 nulli
1729 356 1836 381 tlnaliter
1856 357 1916 382 mali
1937 356 1999 383 ibid.

1576 413 1607 417 —
1629 400 1678 432 Qui
1698 407 1749 425 non
1769 407 1797 425 se
1818 405 1975 432 praeparant
1995 401 2027 427 ad
2049 406 2159 428 mortem

1522 444 1781 475 comprehenduntur
1802 448 1919 476 tempore
1945 447 2014 471 malo
2042 447 2082 471 Vll
2109 447 2160 472 327

1522 487 1555 512 59
1575 501 1609 506 -
1630 488 1660 513 Ut
1679 495 1784 520 semper
1804 489 1886 514 simus
1907 491 2004 521 parati,
2019 491 2100 516 voluit
2114 491 2161 516 Do-

1522 531 1623 562 minus,
1643 538 1692 557 nos
1706 533 1827 564 ignorare
1841 534 1931 558 horam
1948 534 2038 559 mortis
2052 538 2076 559 et
2090 535 2160 560 diem

1521 575 1611 601 iudicii
1631 575 1691 601 ibid.

1574 634 1608 637 —
1628 620 1676 645 Per
1695 623 1805 645 mortem
1826 621 1910 646 carnis
1934 621 2027 647 tollitur
2047 624 2126 647 homo
2146 630 2159 647 a

1521 663 1619 688 mundo
1640 664 1670 688 Vl
1693 664 1744 690 473
1763 665 1797 689 27
1814 679 1847 682 —
1861 665 1898 690 De
1911 665 2043 691 nativitato
2058 667 2161 692 venitur

1520 707 1554 732 ad
1574 710 1683 732 mortem
1704 708 1737 732 29
1758 715 1783 733 v.
1803 709 1818 733 2
1833 722 1867 727 -—
1880 709 1917 734 De
1937 709 1988 734 vita
2003 710 2036 735 ad
2050 714 2160 735 mortem

1521 751 1662 777 transimus
1694 751 1742 776 142
1762 759 1787 776 ν.
1810 752 1842 777 15
1861 766 1896 771 -
1916 753 1991 784 Quod
2018 760 2070 779 non
2097 754 2161 779 vivit

1519 802 1572 821 non
1592 798 1630 821 est
1649 796 1758 821 mortale
1778 796 1828 821 208
1850 804 1875 822 v.
1898 797 1928 822 l7

1579 853 1614 859 —
1633 840 1783 865 Formidare
1811 844 1922 866 mortem
1949 842 2080 867 voluntate
2108 849 2162 867 sen-

1519 884 1645 910 sualitatis
1664 891 1715 910 non
1735 887 1774 909 est
1794 885 1891 910 malurn
1914 885 1944 909 Vl
1967 885 2016 910 419
2038 886 2069 911 42
2088 886 2113 911 ι’
2126 901 2160 905 —-

1520 932 1559 954 est
1577 931 1667 954 contra
1687 929 1846 954 voluntatem
1877 930 2019 955 naturalem
2044 931 2095 955 527
2117 931 2158 956 42.

1520 974 1571 998 528
1593 972 1625 998 48
1645 987 1680 992 -
1700 973 1726 998 in
1747 973 1869 1005 paradiso
1889 980 1940 999 non
1961 977 2015 999 erat
2030 981 2059 1000 ex
2074 982 2159 1000 neccs-

1519 1017 1594 1043 sitate
1617 1017 1685 1043 sicut
1713 1024 1798 1048 nunc,
1819 1018 1864 1043 sed
1884 1025 1915 1044 ex
1933 1018 2100 1050 possibilitate
2115 1019 2157 1044 Vll

1520 1061 1572 1087 515
1593 1061 1625 1087 42
1646 1076 1680 1080 --
1699 1063 1836 1088 Hominem
1858 1063 1943 1088 taedet
1962 1063 2029 1088 vitae
2050 1068 2157 1095 propter

1520 1107 1611 1132 mortis
1631 1107 1792 1132 imminentis
1812 1108 1947 1132 horrorem
1974 1107 2006 1133 w
2027 1107 2060 1133 25
2080 1115 2105 1133 v.
2127 1108 2159 1133 17

1518 1165 1554 1170 -
1573 1152 1692 1183 corporis
1713 1158 1765 1176 non
1785 1155 1824 1177 est
1843 1152 1972 1182 timenda,
1986 1152 2046 1184 quia
2062 1155 2160 1184 tempo·

1520 1196 1580 1221 ralis
1599 1198 1625 1221 et
1643 1199 1827 1221 momentanea
1848 1196 1889 1221 Vll
1911 1197 1962 1221 312
1983 1197 1997 1221 8
2016 1209 2051 1215 -
2065 1200 2103 1222 εει
2117 1197 2161 1222 tri-

1518 1239 1632 1270 stabilis,
1661 1240 1736 1266 cuius
1763 1240 1816 1265 xita
1843 1244 1881 1265 est
1905 1241 2015 1266 multum
2041 1241 2160 1267 amabilis

1519 1284 1570 1309 209
1584 1284 1618 1309 75
1630 1299 1665 1302 -
1679 1285 1807 1316 unigeniti
1828 1288 1866 1310 est
1879 1291 1938 1310 cum
1960 1292 2056 1317 magno
2069 1285 2160 1311 dolore

1517 1327 1579 1354 ibid.
1598 1342 1634 1347 —
1651 1329 1700 1354 Per
1728 1329 1849 1355 accidens
1878 1332 1903 1354 ει
1931 1336 1961 1354 ex
1990 1330 2159 1363 consequenti

1517 1376 1645 1404 appetunt
1659 1377 1770 1399 mortem
1785 1374 1829 1406 qui
1849 1377 1975 1406 appetunt
1994 1377 2094 1405 actum,
2114 1375 2159 1407 qui

1518 1420 1557 1443 est
1574 1424 1653 1443 causa
1673 1418 1764 1443 mortis
1783 1418 1816 1444 Vl
1838 1419 1887 1443 116
1908 1426 1934 1443 v.
1954 1419 1986 1444 12

1570 1476 1606 1481 -
1625 1465 1663 1487 εει
1683 1469 1766 1494 poena
1787 1465 1812 1488 et
1831 1470 1895 1494 pura
1916 1463 2019 1489 afflictio
2036 1464 2068 1489 Vl
2089 1464 2121 1489 62
2141 1471 2155 1489 a

1517 1520 1552 1525 —
1571 1506 1641 1532 Deus
1662 1506 1728 1534 iuste
1742 1510 1854 1532 mortem
1870 1507 1963 1539 infligit
1976 1507 2159 1539 peccatoribus

1517 1551 1611 1576 merito
1630 1554 1799 1582 peccatorum
1820 1558 1930 1577 suorum
1951 1552 2002 1577 212
2021 1559 2048 1577 v.
2069 1552 2100 1576 13
2123 1566 2158 1570 -

1518 1596 1602 1621 Homo
1622 1595 1715 1621 merito
1735 1599 1904 1627 peccatorum
1924 1603 2034 1621 suenum
2051 1596 2077 1621 in
2091 1603 2158 1621 mor-

1518 1643 1569 1665 tem
1590 1647 1618 1665 se
1638 1640 1741 1665 reducit
1763 1640 1814 1665 206
1834 1648 1861 1665 v.
1880 1641 1895 1665 8
1914 1654 1950 1659 —
1969 1641 1996 1666 ln
2015 1640 2157 1666 damuatio-

1518 1691 1576 1709 nem
1598 1684 1690 1710 mortis
1709 1685 1803 1711 cecidit
1823 1685 1906 1710 Adam
1927 1691 1987 1710 cum
2007 1691 2054 1711 sua
2074 1690 2159 1717 poste-

1517 1729 1591 1754 ritate
1610 1729 1643 1753 73
1664 1736 1691 1754 ν.
1711 1729 1726 1754 4
1755 1744 1789 1747 -
1819 1730 1942 1755 Peccator
1970 1728 2048 1755 debet
2076 1730 2157 1761 mori,

1517 1773 1578 1806 quia
1600 1774 1695 1799 meruit
1715 1773 1765 1799 446
1786 1773 1818 1798 49
1840 1773 1868 1799 2‘
1887 1788 1921 1792 —-
1935 1773 2037 1805 Corpus
2049 1777 2157 1806 propter

1517 1820 1654 1849 peccatum
1684 1818 1831 1843 necessitati
1859 1818 1989 1844 moriendi
2021 1818 2156 1844 addictum

1517 1865 1556 1887 est
1579 1862 1621 1887 151
1647 1869 1672 1886 ν.
1694 1862 1703 1886 1

1570 1920 1605 1924 ω-
1625 1907 1762 1932 Peccatum
1776 1909 1802 1931 et
1814 1907 1919 1932 stultitia
1933 1906 2078 1932 accelerant
2090 1913 2157 1931 mor-

1517 1953 1569 1976 tem
1590 1951 1621 1975 Vl
1642 1950 1676 1975 60
1696 1957 1722 1975 v.
1743 1951 1774 1975 18
1803 1964 1839 1969 -
1868 1950 1994 1976 Teneudo
2023 1953 2047 1975 et
2070 1949 2156 1975 desen-

1516 1995 1603 2020 dendo
1624 1995 1775 2020 iniustitiam
1797 1996 1875 2020 homo
1904 1994 1931 2020 fit
1954 1994 2052 2025 dignus
2070 1998 2154 2019 morte

1520 2039 1567 2064 118
1588 2046 1613 2063 v.
1636 2039 1667 2063 16
1687 2052 1722 2057 -
1741 2038 1816 2070 lmpii
1842 2045 1890 2070 per
1909 2037 2090 2063 obstinationis
2110 2038 2155 2063 im-

1516 2082 1701 2114 poenitentiam
1739 2084 1926 2113 percusserunt
1963 2081 2056 2107 foedus
2092 2088 2153 2107 cum

1517 2129 1599 2152 morte
1614 2125 1676 2152 ibid.
1689 2139 1724 2144 —
1738 2125 1860 2151 lniustitia
1880 2128 1919 2151 est
1937 2125 2074 2158 acquisitio
2087 2133 2154 2151 mor-

1516 2171 1547 2195 tis
1568 2170 1718 2201 temporalis
1737 2174 1761 2194 ct
1780 2173 1901 2195 aeternae
1921 2169 1972 2195 117
1991 2177 2016 2195 v.
2038 2170 2070 2195 15

1569 2228 1602 2231 -
1622 2220 1723 2245 poenae
1743 2216 1781 2239 cst
1800 2214 1935 2245 multiplex
1960 2214 1992 2239 Vl
2013 2213 2063 2239 589
2083 2214 2098 2238 8
2116 2225 2157 2234 -r

1514 2265 1614 2289 poenae
1634 2258 1785 2289 temporalis
1806 2258 1897 2290 triplex
1916 2260 1955 2283 est
1967 2256 2029 2284 ibid.
2042 2271 2077 2277 —
2090 2265 2154 2290 poe-

1514 2309 1563 2327 nae
1582 2305 1730 2327 contractae
1749 2305 1788 2327 cst
1806 2302 1943 2333 deflenda,
1963 2309 2065 2334 poenae
2087 2303 2153 2328 inssi-

1513 2349 1569 2372 ctae
1597 2346 1763 2377 sustinenda,
1792 2353 1893 2378 poenae
1920 2350 2053 2373 assumtae
2078 2354 2150 2373 assu-

1514 2390 1607 2416 menda
1629 2389 1661 2416 ib.
1682 2391 1696 2415 9

1569 2437 1730 2460 —naturae
1757 2438 1796 2461 est
1824 2435 1953 2462 horrenda
1982 2436 2070 2466 malis,
2090 2437 2151 2469 quia

1512 2479 1584 2510 ipsos
1613 2479 1719 2510 spoliat,
1739 2479 1852 2510 cruciat,
1870 2480 1997 2505 annihilat
2017 2480 2047 2506 Vl
2063 2481 2112 2506 588
2134 2482 2149 2505 2

1511 2536 1546 2542 —-
1566 2523 1679 2555 optanda
1693 2526 1732 2549 est
1746 2523 1831 2555 iustis,
1850 2524 1911 2556 quia
1926 2524 1982 2549 illos
1995 2524 2066 2554 ditat,
2081 2524 2150 2557 quie-

1513 2570 1562 2598 tat,
1581 2568 1673 2593 exaltat
1689 2567 1723 2594 ib.
1743 2568 1758 2593 3
1772 2582 1807 2586 —-
1829 2571 1868 2593 est
1887 2568 2068 2600 praecavenda
2091 2575 2151 2593 cun-

1511 2611 1572 2642 ctis,
1592 2612 1652 2645 quia
1672 2612 1832 2643 necessaria,
1846 2612 2003 2645 propinqua,
2017 2612 2150 2644 repentina

1511 2658 1550 2682 est
1569 2655 1602 2682 ib.
1618 2656 1632 2681 4
1652 2670 1687 2675 -
1706 2655 1815 2688 regibus
1828 2659 1880 2682 tam
1901 2663 1993 2688 aspera
2012 2659 2050 2681 εει
2069 2662 2149 2688 quain

1510 2700 1622 2726 subditis
1645 2700 1692 2725 152
1713 2707 1739 2726 v.
1759 2700 1774 2725 6

1563 2757 1599 2763 -
1618 2744 1678 2769 Dies
1692 2744 1783 2769 mortis
1796 2744 1888 2769 melior
1901 2746 1940 2769 est
1954 2743 1997 2769 die
2009 2743 2150 2769 nativitatis

1512 2788 1544 2813 Vl
1573 2788 1608 2813 55
1637 2794 1663 2812 v.
1684 2788 1700 2812 2
1717 2800 1753 2806 -
1771 2787 1856 2813 Homo
1882 2787 1993 2813 moritur
2017 2787 2051 2813 ad
2077 2787 2150 2820 quie-

1510 2831 1637 2857 scendum
1657 2829 1718 2856 ibid.
1739 2844 1773 2850 —
1792 2831 1909 2856 Mortuus
1933 2837 1982 2856 non
2009 2829 2087 2856 habet
2113 2835 2149 2856 tot

1509 2875 1661 2900 occasiones
1681 2874 1807 2906 peccandi
1836 2877 1861 2900 et.
1880 2874 1998 2900 tristandi
2027 2878 2091 2907 quot
2112 2875 2150 2899 ri-

1509 2925 1574 2944 vens
1593 2918 1627 2943 38
1646 2925 1679 2951 q„
1692 2919 1700 2943 1
1726 2932 1760 2936 -
1779 2918 1872 2944 Mortui
1892 2918 1944 2944 iam
1964 2918 2070 2944 iudicati
2089 2922 2149 2944 sunt

1513 2963 1519 2987 1
1531 2963 1537 2987 1
1550 2963 1555 2987 l
1575 2969 1589 2987 a
1602 2962 1740 2988 -Mortui
1753 2969 1804 2988 non
1819 2965 1928 2995 possunt
1941 2963 2074 2994 poenitere
2088 2961 2147 2988 ibid.

1561 3021 1596 3026 —
1608 3006 1732 3032 llomines
1744 3009 1852 3039 propter
1870 3005 2067 3032 mutabilitatem
2081 3013 2148 3031 mor-

1509 3051 1545 3076 tui
1565 3051 1657 3076 merito
1677 3051 1841 3083 appellantur
1861 3050 1893 3076 Vl
1915 3050 1946 3075 14
1967 3057 1992 3083 q.
2013 3050 2028 3075 2
2049 3063 2082 3068 -
2102 3049 2147 3075 de-

1508 3095 1594 3126 signat
1622 3093 1822 3120 obdurationem
1851 3093 1997 3125 peccatoris
2015 3093 2040 3118 in
2060 3096 2147 3118 conte-

1508 3139 1622 3164 mnendo
1641 3139 1682 3165 Vll
1714 3137 1763 3163 177
1793 3137 1825 3163 46
1852 3151 1885 3156 -
1912 3137 1999 3163 Mortis
2019 3137 2146 3162 memoria

1507 3183 1669 3215 significatur
1681 3189 1726 3214 per
1739 3182 1801 3208 tellis
1812 3181 2011 3208 amaritudinem
2022 3180 2054 3206 Vl
2065 3180 2116 3206 580
2130 3180 2146 3206 7

1561 3240 1594 3245 -
1613 3227 1640 3252 lu
1660 3229 1764 3252 mortuo
1783 3229 1855 3252 crant
1873 3226 1967 3258 ligatae
1987 3224 2077 3256 iacies,
2104 3231 2146 3256 pe-

1507 3270 1566 3303 des,
1587 3276 1680 3295 manus
1698 3269 1731 3295 Vl
1751 3269 1802 3295 593
1822 3276 1848 3295 v.
1868 3268 1901 3297 44
1921 3282 1955 3288 -
1974 3268 2090 3295 Mortuus
2112 3268 2147 3293 in-

1508 3313 1663 3340 volvebatur
1681 3314 1707 3339 in
1727 3313 1833 3340 sudario
1853 3313 1907 3339 484
1924 3313 1957 3338 33
