<?xml version="1.0" encoding="UTF-8"?>
<!DOCTYPE html PUBLIC "-//W3C//DTD XHTML 1.0 Transitional//EN"
    "http://www.w3.org/TR/xhtml1/DTD/xhtml1-transitional.dtd">
<html xmlns="http://www.w3.org/1999/xhtml" xml:lang="en" lang="en">
 <head>
  <title>
</title>
<meta http-equiv="Content-Type" content="text/html;charset=utf-8" />
  <meta name='ocr-system' content='tesseract 3.04.00' />
  <meta name='ocr-capabilities' content='ocr_page ocr_carea ocr_par ocr_line ocrx_word'/>
</head>
<body>
  <div class='ocr_page' id='page_1' title='image "./doctorisseraphic07bona_0491.png"; bbox 0 0 2476 3921; ppageno 0'>
   <div class='ocr_carea' id='block_1_1' title="bbox 15 784 150 849">
    <p class='ocr_par' dir='ltr' id='par_1_1' title="bbox 15 784 150 849">
     <span class='ocr_line' id='line_1_1' title="bbox 15 784 150 820; baseline -0.015 0"><span class='ocrx_word' id='word_1_1' title='bbox 15 784 150 820; x_wconf 56' lang='lat' dir='ltr'>i&#39;renacitati·</span> 
     </span>
     <span class='ocr_line' id='line_1_2' title="bbox 16 823 145 849; baseline -0.023 -2"><span class='ocrx_word' id='word_1_2' title='bbox 16 823 145 849; x_wconf 80' lang='lat' dir='ltr'>iremedium.</span> 
     </span>
    </p>
   </div>
   <div class='ocr_carea' id='block_1_2' title="bbox 13 850 17 1079">
    <p class='ocr_par' dir='ltr' id='par_1_2' title="bbox 12 850 17 1138">
     <span class='ocr_line' id='line_1_3' title="bbox 14 850 17 971; baseline 0 -20"><span class='ocrx_word' id='word_1_3' title='bbox 14 850 17 971; x_wconf 68' lang='lat' dir='ltr'>i</span> 
     </span>
     <span class='ocr_line' id='line_1_4' title="bbox 13 982 15 1079; baseline 0 51"><span class='ocrx_word' id='word_1_4' title='bbox 13 982 15 1079; x_wconf 55' lang='grc'>1</span> 
     </span>
    </p>
   </div>
   <div class='ocr_carea' id='block_1_3' title="bbox 7 1423 47 1476">
    <p class='ocr_par' dir='ltr' id='par_1_3' title="bbox 7 1423 47 1476">
     <span class='ocr_line' id='line_1_5' title="bbox 7 1423 47 1445; baseline 0 -6"><span class='ocrx_word' id='word_1_5' title='bbox 7 1423 9 1445; x_wconf 60' lang='lat' dir='ltr'>i</span> <span class='ocrx_word' id='word_1_6' title='bbox 45 1437 47 1439; x_wconf 83' lang='lat'>.</span> 
     </span>
     <span class='ocr_line' id='line_1_6' title="bbox 7 1448 9 1476; baseline 0 0"><span class='ocrx_word' id='word_1_7' title='bbox 7 1448 9 1476; x_wconf 65' lang='lat' dir='ltr'>i</span> 
     </span>
    </p>
   </div>
   <div class='ocr_carea' id='block_1_4' title="bbox 6 1539 153 1588">
    <p class='ocr_par' dir='ltr' id='par_1_4' title="bbox 6 1539 153 1588">
     <span class='ocr_line' id='line_1_7' title="bbox 11 1539 153 1566; baseline -0.014 -4"><span class='ocrx_word' id='word_1_8' title='bbox 11 1540 59 1562; x_wconf 79' lang='lat' dir='ltr'>¹Per</span> <span class='ocrx_word' id='word_1_9' title='bbox 73 1539 153 1566; x_wconf 77' lang='lat' dir='ltr'>gratiae</span> 
     </span>
     <span class='ocr_line' id='line_1_8' title="bbox 6 1566 127 1588; baseline 0.008 -1"><span class='ocrx_word' id='word_1_10' title='bbox 6 1567 7 1571; x_wconf 64' lang='lat'>¹</span> <span class='ocrx_word' id='word_1_11' title='bbox 41 1566 127 1588; x_wconf 70' lang='lat' dir='ltr'>donum.</span> 
     </span>
    </p>
   </div>
   <div class='ocr_carea' id='block_1_5' title="bbox 20 2287 149 2311">
    <p class='ocr_par' dir='ltr' id='par_1_5' title="bbox 20 2287 149 2311">
     <span class='ocr_line' id='line_1_9' title="bbox 20 2287 149 2311; baseline 0 -1"><span class='ocrx_word' id='word_1_12' title='bbox 20 2287 149 2311; x_wconf 69' lang='lat' dir='ltr'>Notandum.</span> 
     </span>
    </p>
   </div>
   <div class='ocr_carea' id='block_1_6' title="bbox 740 220 1584 254">
    <p class='ocr_par' dir='ltr' id='par_1_6' title="bbox 740 220 1584 254">
     <span class='ocr_line' id='line_1_10' title="bbox 740 220 1584 254; baseline 0 0"><span class='ocrx_word' id='word_1_13' title='bbox 740 221 935 254; x_wconf 88' lang='lat' dir='ltr'>COMMENT.</span> <span class='ocrx_word' id='word_1_14' title='bbox 960 221 997 253; x_wconf 90' lang='lat' dir='ltr'>IN</span> <span class='ocrx_word' id='word_1_15' title='bbox 1022 220 1261 253; x_wconf 79' lang='lat' dir='ltr'>EVANGELIUM</span> <span class='ocrx_word' id='word_1_16' title='bbox 1285 221 1403 254; x_wconf 85' lang='lat' dir='ltr'>LUCAE</span> <span class='ocrx_word' id='word_1_17' title='bbox 1428 221 1459 253; x_wconf 92' lang='lat' dir='ltr'>C.</span> <span class='ocrx_word' id='word_1_18' title='bbox 1484 222 1584 254; x_wconf 85' lang='lat' dir='ltr'>XViii.</span> 
     </span>
    </p>
   </div>
   <div class='ocr_carea' id='block_1_7' title="bbox 164 309 1135 1417">
    <p class='ocr_par' dir='ltr' id='par_1_7' title="bbox 164 309 1134 719">
     <span class='ocr_line' id='line_1_11' title="bbox 164 309 1132 351; baseline -0.007 -4"><span class='ocrx_word' id='word_1_19' title='bbox 164 313 255 348; x_wconf 89' lang='lat' dir='ltr'>novis</span> <span class='ocrx_word' id='word_1_20' title='bbox 278 312 491 346; x_wconf 78' lang='lat' dir='ltr'>imitatoribus</span> <span class='ocrx_word' id='word_1_21' title='bbox 511 312 698 344; x_wconf 87' lang='lat' dir='ltr'>Sanctorum</span> <span class='ocrx_word' id='word_1_22' title='bbox 715 313 883 343; x_wconf 87' lang='lat' dir='ltr'>veterum?</span> <span class='ocrx_word' id='word_1_23' title='bbox 899 309 1062 351; x_wconf 78' lang='lat' dir='ltr'>imponant</span> <span class='ocrx_word' id='word_1_24' title='bbox 1086 309 1132 341; x_wconf 91' lang='lat' dir='ltr'>vi-</span> 
     </span>
     <span class='ocr_line' id='line_1_12' title="bbox 166 362 1133 408; baseline -0.007 -8"><span class='ocrx_word' id='word_1_25' title='bbox 166 367 250 401; x_wconf 90' lang='lat' dir='ltr'>tulos</span> <span class='ocrx_word' id='word_1_26' title='bbox 280 375 377 408; x_wconf 92' lang='lat' dir='ltr'>super</span> <span class='ocrx_word' id='word_1_27' title='bbox 408 366 508 399; x_wconf 85' lang='lat' dir='ltr'>altare</span> <span class='ocrx_word' id='word_1_28' title='bbox 539 364 684 405; x_wconf 80' lang='lat' dir='ltr'>Domini,</span> <span class='ocrx_word' id='word_1_29' title='bbox 710 366 846 396; x_wconf 89' lang='lat' dir='ltr'>mactent</span> <span class='ocrx_word' id='word_1_30' title='bbox 869 362 1001 401; x_wconf 88' lang='lat' dir='ltr'>arietes,</span> <span class='ocrx_word' id='word_1_31' title='bbox 1026 362 1133 394; x_wconf 88' lang='lat' dir='ltr'>hircos</span> 
     </span>
     <span class='ocr_line' id='line_1_13' title="bbox 166 412 1133 462; baseline -0.007 -9"><span class='ocrx_word' id='word_1_32' title='bbox 166 420 343 459; x_wconf 79' lang='lat' dir='ltr'>immolent,</span> <span class='ocrx_word' id='word_1_33' title='bbox 360 419 436 462; x_wconf 88' lang='lat' dir='ltr'>quia</span> <span class='ocrx_word' id='word_1_34' title='bbox 456 419 550 452; x_wconf 85' lang='lat' dir='ltr'>etiam</span> <span class='ocrx_word' id='word_1_35' title='bbox 574 418 635 451; x_wconf 88' lang='lat' dir='ltr'>hoc</span> <span class='ocrx_word' id='word_1_36' title='bbox 659 417 815 450; x_wconf 81' lang='lat' dir='ltr'>Abraham</span> <span class='ocrx_word' id='word_1_37' title='bbox 839 416 948 448; x_wconf 82' lang='lat' dir='ltr'>fecit1.</span> <span class='ocrx_word' id='word_1_38' title='bbox 974 412 1062 448; x_wconf 77' lang='lat' dir='ltr'>Sicut</span> <span class='ocrx_word' id='word_1_39' title='bbox 1076 424 1133 447; x_wconf 92' lang='lat' dir='ltr'>au-</span> 
     </span>
     <span class='ocr_line' id='line_1_14' title="bbox 167 468 1133 511; baseline -0.006 -5"><span class='ocrx_word' id='word_1_40' title='bbox 167 477 230 506; x_wconf 90' lang='lat' dir='ltr'>tem</span> <span class='ocrx_word' id='word_1_41' title='bbox 253 472 417 506; x_wconf 86' lang='lat' dir='ltr'>sacrificiis</span> <span class='ocrx_word' id='word_1_42' title='bbox 440 472 520 511; x_wconf 89' lang='lat' dir='ltr'>iliis,</span> <span class='ocrx_word' id='word_1_43' title='bbox 552 471 657 505; x_wconf 80' lang='lat' dir='ltr'>sic-et</span> <span class='ocrx_word' id='word_1_44' title='bbox 684 470 802 503; x_wconf 90' lang='lat' dir='ltr'>divitiis</span> <span class='ocrx_word' id='word_1_45' title='bbox 825 469 1006 502; x_wconf 85' lang='lat' dir='ltr'>carnalibus</span> <span class='ocrx_word' id='word_1_46' title='bbox 1028 468 1133 500; x_wconf 88' lang='lat' dir='ltr'>adhuc</span> 
     </span>
     <span class='ocr_line' id='line_1_15' title="bbox 165 521 1133 569; baseline -0.006 -10"><span class='ocrx_word' id='word_1_47' title='bbox 165 526 292 569; x_wconf 91' lang='lat' dir='ltr'>populis</span> <span class='ocrx_word' id='word_1_48' title='bbox 314 525 505 567; x_wconf 82' lang='lat' dir='ltr'>dispensatio</span> <span class='ocrx_word' id='word_1_49' title='bbox 528 525 635 558; x_wconf 89' lang='lat' dir='ltr'>divina</span> <span class='ocrx_word' id='word_1_50' title='bbox 659 532 779 557; x_wconf 89' lang='lat' dir='ltr'>morem</span> <span class='ocrx_word' id='word_1_51' title='bbox 804 522 957 565; x_wconf 86' lang='lat' dir='ltr'>gerebat;</span> <span class='ocrx_word' id='word_1_52' title='bbox 980 521 1034 554; x_wconf 88' lang='lat' dir='ltr'>ubi</span> <span class='ocrx_word' id='word_1_53' title='bbox 1058 529 1133 554; x_wconf 90' lang='lat' dir='ltr'>sane</span> 
     </span>
     <span class='ocr_line' id='line_1_16' title="bbox 166 574 1134 621; baseline -0.007 -8"><span class='ocrx_word' id='word_1_54' title='bbox 166 579 308 613; x_wconf 89' lang='lat' dir='ltr'>caelestis</span> <span class='ocrx_word' id='word_1_55' title='bbox 324 579 492 621; x_wconf 82' lang='lat' dir='ltr'>promissio</span> <span class='ocrx_word' id='word_1_56' title='bbox 507 577 631 616; x_wconf 90' lang='lat' dir='ltr'>sonuit,</span> <span class='ocrx_word' id='word_1_57' title='bbox 655 585 783 610; x_wconf 89' lang='lat' dir='ltr'>necesse</span> <span class='ocrx_word' id='word_1_58' title='bbox 799 579 861 615; x_wconf 90' lang='lat' dir='ltr'>est,</span> <span class='ocrx_word' id='word_1_59' title='bbox 878 574 1055 617; x_wconf 80' lang='lat' dir='ltr'>spiritualia</span> <span class='ocrx_word' id='word_1_60' title='bbox 1070 574 1134 616; x_wconf 89' lang='lat' dir='ltr'>spi-</span> 
     </span>
     <span class='ocr_line' id='line_1_17' title="bbox 166 628 1133 674; baseline -0.005 -9"><span class='ocrx_word' id='word_1_61' title='bbox 166 632 336 666; x_wconf 86' lang='lat' dir='ltr'>ritualibus</span> <span class='ocrx_word' id='word_1_62' title='bbox 367 631 544 674; x_wconf 87' lang='lat' dir='ltr'>comparari</span> <span class='ocrx_word' id='word_1_63' title='bbox 563 631 593 670; x_wconf 83' lang='lat'>²,</span> <span class='ocrx_word' id='word_1_64' title='bbox 623 633 654 663; x_wconf 92' lang='lat' dir='ltr'>et</span> <span class='ocrx_word' id='word_1_65' title='bbox 678 629 795 663; x_wconf 90' lang='lat' dir='ltr'>mutari</span> <span class='ocrx_word' id='word_1_66' title='bbox 831 628 1042 667; x_wconf 87' lang='lat' dir='ltr'>sacrificium,</span> <span class='ocrx_word' id='word_1_67' title='bbox 1078 636 1133 669; x_wconf 90' lang='lat' dir='ltr'>spe</span> 
     </span>
     <span class='ocr_line' id='line_1_18' title="bbox 166 689 336 719; baseline -0.006 0"><span class='ocrx_word' id='word_1_68' title='bbox 166 689 289 719; x_wconf 90' lang='lat' dir='ltr'>mutata</span> <span class='ocrx_word' id='word_1_69' title='bbox 305 699 336 718; x_wconf 74' lang='lat' dir='ltr'>n.</span> 
     </span>
    </p>

    <p class='ocr_par' dir='ltr' id='par_1_8' title="bbox 165 735 1135 1417">
     <span class='ocr_line' id='line_1_19' title="bbox 256 735 1133 780; baseline -0.006 -8"><span class='ocrx_word' id='word_1_70' title='bbox 256 739 310 771; x_wconf 75' lang='lat'>45.</span> <span class='ocrx_word' id='word_1_71' title='bbox 335 739 437 780; x_wconf 91' lang='lat' dir='ltr'>(Vers.</span> <span class='ocrx_word' id='word_1_72' title='bbox 466 737 544 778; x_wconf 59' lang='lat'>26).</span> <span class='ocrx_word' id='word_1_73' title='bbox 569 737 690 778; x_wconf 86' lang='lat' dir='ltr'>Quarto</span> <span class='ocrx_word' id='word_1_74' title='bbox 713 738 868 778; x_wconf 87' lang='lat' dir='ltr'>quantum</span> <span class='ocrx_word' id='word_1_75' title='bbox 894 735 932 768; x_wconf 90' lang='lat' dir='ltr'>ad</span> <span class='ocrx_word' id='word_1_76' title='bbox 957 735 1066 778; x_wconf 85' lang='lat' dir='ltr'>ipsius</span> <span class='ocrx_word' id='word_1_77' title='bbox 1090 739 1133 768; x_wconf 90' lang='lat' dir='ltr'>te-</span> 
     </span>
     <span class='ocr_line' id='line_1_20' title="bbox 166 788 1132 832; baseline -0.004 -7"><span class='ocrx_word' id='word_1_78' title='bbox 166 792 326 825; x_wconf 76' lang='lat' dir='ltr'>nacitatis</span> <span class='ocrx_word' id='word_1_79' title='bbox 349 790 532 824; x_wconf 84' lang='lat' dir='ltr'>remedium</span> <span class='ocrx_word' id='word_1_80' title='bbox 556 799 613 832; x_wconf 91' lang='lat' dir='ltr'>per</span> <span class='ocrx_word' id='word_1_81' title='bbox 636 789 778 822; x_wconf 89' lang='lat' dir='ltr'>divinum</span> <span class='ocrx_word' id='word_1_82' title='bbox 795 788 990 821; x_wconf 91' lang='lat' dir='ltr'>adiutorium</span> <span class='ocrx_word' id='word_1_83' title='bbox 1008 788 1132 822; x_wconf 86' lang='lat' dir='ltr'>subdit:</span> 
     </span>
     <span class='ocr_line' id='line_1_21' title="bbox 168 841 1135 887; baseline -0.004 -9"><span class='ocrx_word' id='word_1_84' title='bbox 168 846 209 878; x_wconf 85' lang='lat' dir='ltr'>Et</span> <span class='ocrx_word' id='word_1_85' title='bbox 231 845 390 877; x_wconf 77' lang='lat' dir='ltr'>dixerunt</span> <span class='ocrx_word' id='word_1_86' title='bbox 413 843 496 887; x_wconf 75' lang='lat' dir='ltr'>qui³</span> <span class='ocrx_word' id='word_1_87' title='bbox 521 842 725 876; x_wconf 74' lang='lat' dir='ltr'>audiebant:</span> <span class='ocrx_word' id='word_1_88' title='bbox 751 843 792 875; x_wconf 86' lang='lat' dir='ltr'>Et</span> <span class='ocrx_word' id='word_1_89' title='bbox 807 842 883 886; x_wconf 83' lang='lat' dir='ltr'>quis</span> <span class='ocrx_word' id='word_1_90' title='bbox 896 846 1003 884; x_wconf 82' lang='lat' dir='ltr'>potest</span> <span class='ocrx_word' id='word_1_91' title='bbox 1018 841 1135 875; x_wconf 85' lang='lat' dir='ltr'>salvus</span> 
     </span>
     <span class='ocr_line' id='line_1_22' title="bbox 165 895 1134 940; baseline -0.004 -9"><span class='ocrx_word' id='word_1_92' title='bbox 165 897 266 940; x_wconf 73' lang='lat' dir='ltr'>fieri?</span> <span class='ocrx_word' id='word_1_93' title='bbox 290 897 380 939; x_wconf 88' lang='lat' dir='ltr'>Quod</span> <span class='ocrx_word' id='word_1_94' title='bbox 403 897 513 930; x_wconf 88' lang='lat' dir='ltr'>dicunt</span> <span class='ocrx_word' id='word_1_95' title='bbox 536 898 726 939; x_wconf 82' lang='lat' dir='ltr'>quaerentes</span> <span class='ocrx_word' id='word_1_96' title='bbox 744 895 920 933; x_wconf 85' lang='lat' dir='ltr'>remedium</span> <span class='ocrx_word' id='word_1_97' title='bbox 944 899 975 928; x_wconf 91' lang='lat' dir='ltr'>et</span> <span class='ocrx_word' id='word_1_98' title='bbox 999 895 1134 928; x_wconf 88' lang='lat' dir='ltr'>horren—</span> 
     </span>
     <span class='ocr_line' id='line_1_23' title="bbox 167 948 1134 993; baseline -0.003 -9"><span class='ocrx_word' id='word_1_99' title='bbox 167 954 215 984; x_wconf 85' lang='lat' dir='ltr'>tes</span> <span class='ocrx_word' id='word_1_100' title='bbox 239 950 427 993; x_wconf 89' lang='lat' dir='ltr'>periculum.</span> <span class='ocrx_word' id='word_1_101' title='bbox 453 949 531 982; x_wconf 90' lang='lat' dir='ltr'>Cum</span> <span class='ocrx_word' id='word_1_102' title='bbox 555 949 639 982; x_wconf 91' lang='lat' dir='ltr'>enim</span> <span class='ocrx_word' id='word_1_103' title='bbox 663 948 846 991; x_wconf 82' lang='lat' dir='ltr'>paucissimi</span> <span class='ocrx_word' id='word_1_104' title='bbox 871 949 951 987; x_wconf 89' lang='lat' dir='ltr'>sint,</span> <span class='ocrx_word' id='word_1_105' title='bbox 976 949 1031 991; x_wconf 92' lang='lat' dir='ltr'>qui</span> <span class='ocrx_word' id='word_1_106' title='bbox 1055 948 1134 981; x_wconf 87' lang='lat' dir='ltr'>divi-</span> 
     </span>
     <span class='ocr_line' id='line_1_24' title="bbox 168 1002 1133 1046; baseline -0.002 -9"><span class='ocrx_word' id='word_1_107' title='bbox 168 1005 228 1038; x_wconf 88' lang='lat' dir='ltr'>tias</span> <span class='ocrx_word' id='word_1_108' title='bbox 251 1003 390 1046; x_wconf 76' lang='lat' dir='ltr'>perfecte</span> <span class='ocrx_word' id='word_1_109' title='bbox 406 1006 626 1042; x_wconf 89' lang='lat' dir='ltr'>contemnant;</span> <span class='ocrx_word' id='word_1_110' title='bbox 644 1003 829 1044; x_wconf 25' lang='lat' dir='ltr'>videturrex</span> <span class='ocrx_word' id='word_1_111' title='bbox 847 1003 923 1042; x_wconf 90' lang='lat' dir='ltr'>hoc,</span> <span class='ocrx_word' id='word_1_112' title='bbox 941 1002 1027 1045; x_wconf 88' lang='lat' dir='ltr'>quod</span> <span class='ocrx_word' id='word_1_113' title='bbox 1043 1002 1133 1045; x_wconf 83' lang='lat' dir='ltr'>quasi</span> 
     </span>
     <span class='ocr_line' id='line_1_25' title="bbox 167 1055 1133 1100; baseline -0.003 -9"><span class='ocrx_word' id='word_1_114' title='bbox 167 1057 276 1091; x_wconf 89' lang='lat' dir='ltr'>nulius</span> <span class='ocrx_word' id='word_1_115' title='bbox 299 1057 397 1100; x_wconf 90' lang='lat' dir='ltr'>possit</span> <span class='ocrx_word' id='word_1_116' title='bbox 420 1056 549 1099; x_wconf 81' lang='lat' dir='ltr'>adipisci</span> <span class='ocrx_word' id='word_1_117' title='bbox 574 1057 708 1090; x_wconf 88' lang='lat' dir='ltr'>salutem</span> <span class='ocrx_word' id='word_1_118' title='bbox 732 1059 929 1099; x_wconf 84' lang='lat' dir='ltr'>perpetuam.</span> <span class='ocrx_word' id='word_1_119' title='bbox 954 1055 1041 1089; x_wconf 88' lang='lat' dir='ltr'>Unde</span> <span class='ocrx_word' id='word_1_120' title='bbox 1073 1056 1133 1088; x_wconf 76' lang='lat' dir='ltr'>Au-</span> 
     </span>
     <span class='ocr_line' id='line_1_26' title="bbox 167 1104 1134 1154; baseline -0.004 -10"><span class='ocrx_word' id='word_1_121' title='bbox 167 1111 360 1154; x_wconf 73' lang='lat' dir='ltr'>gustinus4:</span> <span class='ocrx_word' id='word_1_122' title='bbox 390 1124 406 1140; x_wconf 68' lang='lat' dir='ltr'>a</span> <span class='ocrx_word' id='word_1_123' title='bbox 422 1110 500 1143; x_wconf 91' lang='lat' dir='ltr'>Cum</span> <span class='ocrx_word' id='word_1_124' title='bbox 532 1110 642 1152; x_wconf 90' lang='lat' dir='ltr'>plures</span> <span class='ocrx_word' id='word_1_125' title='bbox 669 1110 732 1143; x_wconf 90' lang='lat' dir='ltr'>sint</span> <span class='ocrx_word' id='word_1_126' title='bbox 754 1118 912 1152; x_wconf 85' lang='lat' dir='ltr'>pauperes</span> <span class='ocrx_word' id='word_1_127' title='bbox 935 1118 1030 1151; x_wconf 85' lang='lat' dir='ltr'>quam</span> <span class='ocrx_word' id='word_1_128' title='bbox 1055 1104 1134 1141; x_wconf 86' lang='lat' dir='ltr'>divi-</span> 
     </span>
     <span class='ocr_line' id='line_1_27' title="bbox 169 1162 1134 1206; baseline -0.003 -8"><span class='ocrx_word' id='word_1_129' title='bbox 169 1168 234 1204; x_wconf 88' lang='lat' dir='ltr'>tes,</span> <span class='ocrx_word' id='word_1_130' title='bbox 259 1174 320 1197; x_wconf 90' lang='lat' dir='ltr'>non</span> <span class='ocrx_word' id='word_1_131' title='bbox 345 1165 405 1197; x_wconf 90' lang='lat' dir='ltr'>hoc</span> <span class='ocrx_word' id='word_1_132' title='bbox 428 1164 585 1197; x_wconf 81' lang='lat' dir='ltr'>dixissent</span> <span class='ocrx_word' id='word_1_133' title='bbox 608 1163 762 1206; x_wconf 77' lang='lat' dir='ltr'>Apostoli,</span> <span class='ocrx_word' id='word_1_134' title='bbox 787 1163 846 1196; x_wconf 89' lang='lat' dir='ltr'>nisi</span> <span class='ocrx_word' id='word_1_135' title='bbox 872 1163 903 1195; x_wconf 89' lang='lat' dir='ltr'>in</span> <span class='ocrx_word' id='word_1_136' title='bbox 928 1172 1062 1195; x_wconf 89' lang='lat' dir='ltr'>numero</span> <span class='ocrx_word' id='word_1_137' title='bbox 1083 1162 1134 1195; x_wconf 88' lang='lat' dir='ltr'>di—</span> 
     </span>
     <span class='ocr_line' id='line_1_28' title="bbox 166 1215 1134 1257; baseline -0.003 -6"><span class='ocrx_word' id='word_1_138' title='bbox 166 1218 274 1251; x_wconf 86' lang='lat' dir='ltr'>vitum</span> <span class='ocrx_word' id='word_1_139' title='bbox 297 1217 528 1250; x_wconf 85' lang='lat' dir='ltr'>intellexissent</span> <span class='ocrx_word' id='word_1_140' title='bbox 552 1220 701 1254; x_wconf 83' lang='lat' dir='ltr'>cunctos,</span> <span class='ocrx_word' id='word_1_141' title='bbox 718 1215 773 1257; x_wconf 89' lang='lat' dir='ltr'>qui</span> <span class='ocrx_word' id='word_1_142' title='bbox 790 1215 916 1249; x_wconf 88' lang='lat' dir='ltr'>divitias</span> <span class='ocrx_word' id='word_1_143' title='bbox 932 1215 1062 1257; x_wconf 87' lang='lat' dir='ltr'>adipisci</span> <span class='ocrx_word' id='word_1_144' title='bbox 1079 1224 1134 1248; x_wconf 88' lang='lat' dir='ltr'>vo—</span> 
     </span>
     <span class='ocr_line' id='line_1_29' title="bbox 167 1268 1133 1313; baseline -0.004 -9"><span class='ocrx_word' id='word_1_145' title='bbox 167 1271 238 1304; x_wconf 91' lang='lat' dir='ltr'>lunt</span> <span class='ocrx_word' id='word_1_146' title='bbox 254 1283 285 1311; x_wconf 77' lang='lat'>»3</span> <span class='ocrx_word' id='word_1_147' title='bbox 311 1270 401 1313; x_wconf 88' lang='lat' dir='ltr'>pauci</span> <span class='ocrx_word' id='word_1_148' title='bbox 426 1274 532 1303; x_wconf 89' lang='lat' dir='ltr'>autem</span> <span class='ocrx_word' id='word_1_149' title='bbox 549 1272 642 1308; x_wconf 90' lang='lat' dir='ltr'>sunt,</span> <span class='ocrx_word' id='word_1_150' title='bbox 666 1269 801 1311; x_wconf 89' lang='lat' dir='ltr'>quinon</span> <span class='ocrx_word' id='word_1_151' title='bbox 822 1272 897 1301; x_wconf 92' lang='lat' dir='ltr'>sunt</span> <span class='ocrx_word' id='word_1_152' title='bbox 921 1268 1016 1307; x_wconf 87' lang='lat' dir='ltr'>tales,</span> <span class='ocrx_word' id='word_1_153' title='bbox 1040 1268 1133 1310; x_wconf 88' lang='lat' dir='ltr'>quia,</span> 
     </span>
     <span class='ocr_line' id='line_1_30' title="bbox 168 1321 1133 1364; baseline -0.004 -6"><span class='ocrx_word' id='word_1_154' title='bbox 168 1325 251 1358; x_wconf 87' lang='lat' dir='ltr'>sicut</span> <span class='ocrx_word' id='word_1_155' title='bbox 272 1323 390 1358; x_wconf 89' lang='lat' dir='ltr'>dicitur</span> <span class='ocrx_word' id='word_1_156' title='bbox 413 1323 452 1356; x_wconf 89' lang='lat' dir='ltr'>ad</span> <span class='ocrx_word' id='word_1_157' title='bbox 476 1322 690 1364; x_wconf 89' lang='lat' dir='ltr'>Philippenses</span> <span class='ocrx_word' id='word_1_158' title='bbox 714 1321 871 1361; x_wconf 89' lang='lat' dir='ltr'>secundo,</span> <span class='ocrx_word' id='word_1_159' title='bbox 894 1334 910 1350; x_wconf 71' lang='grc' dir='ltr'>α</span> <span class='ocrx_word' id='word_1_160' title='bbox 926 1330 1035 1354; x_wconf 89' lang='lat' dir='ltr'>omnes</span> <span class='ocrx_word' id='word_1_161' title='bbox 1051 1330 1133 1364; x_wconf 88' lang='lat' dir='ltr'>quae</span> 
     </span>
     <span class='ocr_line' id='line_1_31' title="bbox 168 1373 1132 1417; baseline -0.005 -7"><span class='ocrx_word' id='word_1_162' title='bbox 168 1386 227 1410; x_wconf 89' lang='lat' dir='ltr'>sua</span> <span class='ocrx_word' id='word_1_163' title='bbox 257 1379 332 1409; x_wconf 91' lang='lat' dir='ltr'>sunt</span> <span class='ocrx_word' id='word_1_164' title='bbox 362 1377 539 1417; x_wconf 89' lang='lat' dir='ltr'>quaerunt,</span> <span class='ocrx_word' id='word_1_165' title='bbox 572 1384 634 1407; x_wconf 91' lang='lat' dir='ltr'>non</span> <span class='ocrx_word' id='word_1_166' title='bbox 666 1383 749 1416; x_wconf 86' lang='lat' dir='ltr'>quae</span> <span class='ocrx_word' id='word_1_167' title='bbox 777 1376 859 1407; x_wconf 30' lang='lat' dir='ltr'>sunt*</span> <span class='ocrx_word' id='word_1_168' title='bbox 876 1374 945 1406; x_wconf 90' lang='lat' dir='ltr'>iesu</span> <span class='ocrx_word' id='word_1_169' title='bbox 968 1373 1083 1406; x_wconf 86' lang='lat' dir='ltr'>Christi</span> <span class='ocrx_word' id='word_1_170' title='bbox 1102 1387 1132 1406; x_wconf 75' lang='lat' dir='ltr'>n..</span> 
     </span>
    </p>
   </div>
   <div class='ocr_carea' id='block_1_8' title="bbox 168 1420 1159 1471">
    <p class='ocr_par' dir='ltr' id='par_1_9' title="bbox 168 1420 1159 1471">
     <span class='ocr_line' id='line_1_32' title="bbox 168 1420 1159 1471; baseline -0.004 -8"><span class='ocrx_word' id='word_1_171' title='bbox 168 1430 285 1463; x_wconf 91' lang='lat' dir='ltr'>Omnes</span> <span class='ocrx_word' id='word_1_172' title='bbox 308 1429 405 1471; x_wconf 87' lang='lat' dir='ltr'>igitur</span> <span class='ocrx_word' id='word_1_173' title='bbox 429 1428 460 1461; x_wconf 91' lang='lat' dir='ltr'>in</span> <span class='ocrx_word' id='word_1_174' title='bbox 485 1428 627 1470; x_wconf 86' lang='lat' dir='ltr'>periculo</span> <span class='ocrx_word' id='word_1_175' title='bbox 650 1427 860 1460; x_wconf 90' lang='lat' dir='ltr'>damnationis</span> <span class='ocrx_word' id='word_1_176' title='bbox 882 1435 951 1459; x_wconf 87' lang='lat' dir='ltr'>esse</span> <span class='ocrx_word' id='word_1_177' title='bbox 975 1426 1132 1459; x_wconf 90' lang='lat' dir='ltr'>videntur.</span> <span class='ocrx_word' id='word_1_178' title='bbox 1156 1420 1159 1422; x_wconf 42' lang='grc'><strong>“</strong></span> 
     </span>
    </p>
   </div>
   <div class='ocr_carea' id='block_1_9' title="bbox 167 1480 1135 2590">
    <p class='ocr_par' dir='ltr' id='par_1_10' title="bbox 167 1480 1135 2590">
     <span class='ocr_line' id='line_1_33' title="bbox 258 1480 1132 1524; baseline -0.002 -9"><span class='ocrx_word' id='word_1_179' title='bbox 258 1483 311 1516; x_wconf 73' lang='lat'>46.</span> <span class='ocrx_word' id='word_1_180' title='bbox 336 1482 438 1524; x_wconf 89' lang='lat' dir='ltr'>(Vers.</span> <span class='ocrx_word' id='word_1_181' title='bbox 463 1482 542 1522; x_wconf 61' lang='grc' dir='ltr'>ΞΤ).</span> <span class='ocrx_word' id='word_1_182' title='bbox 575 1481 645 1514; x_wconf 90' lang='lat' dir='ltr'>ideo</span> <span class='ocrx_word' id='word_1_183' title='bbox 676 1480 831 1514; x_wconf 89' lang='lat' dir='ltr'>Dominus</span> <span class='ocrx_word' id='word_1_184' title='bbox 861 1480 998 1514; x_wconf 88' lang='lat' dir='ltr'>ostendit</span> <span class='ocrx_word' id='word_1_185' title='bbox 1030 1489 1132 1513; x_wconf 89' lang='lat' dir='ltr'>reme-</span> 
     </span>
     <span class='ocr_line' id='line_1_34' title="bbox 169 1533 1134 1578; baseline -0.003 -9"><span class='ocrx_word' id='word_1_186' title='bbox 169 1536 258 1569; x_wconf 89' lang='lat' dir='ltr'>dium</span> <span class='ocrx_word' id='word_1_187' title='bbox 289 1544 346 1578; x_wconf 92' lang='lat' dir='ltr'>per</span> <span class='ocrx_word' id='word_1_188' title='bbox 378 1543 454 1568; x_wconf 92' lang='lat' dir='ltr'>suae</span> <span class='ocrx_word' id='word_1_189' title='bbox 485 1534 606 1577; x_wconf 89' lang='lat' dir='ltr'>gratiae</span> <span class='ocrx_word' id='word_1_190' title='bbox 636 1534 774 1573; x_wconf 91' lang='lat' dir='ltr'>donum,</span> <span class='ocrx_word' id='word_1_191' title='bbox 799 1543 872 1567; x_wconf 89' lang='lat' dir='ltr'>cum</span> <span class='ocrx_word' id='word_1_192' title='bbox 897 1533 1024 1567; x_wconf 90' lang='lat' dir='ltr'>subdit:</span> <span class='ocrx_word' id='word_1_193' title='bbox 1051 1534 1134 1567; x_wconf 77' lang='lat' dir='ltr'>Ait⁶</span> 
     </span>
     <span class='ocr_line' id='line_1_35' title="bbox 169 1586 1134 1631; baseline -0.002 -9"><span class='ocrx_word' id='word_1_194' title='bbox 169 1589 256 1623; x_wconf 82' lang='lat' dir='ltr'>illis:</span> <span class='ocrx_word' id='word_1_195' title='bbox 283 1589 376 1630; x_wconf 82' lang='lat' dir='ltr'>Quae</span> <span class='ocrx_word' id='word_1_196' title='bbox 398 1587 620 1631; x_wconf 86' lang='lat' dir='ltr'>impossibilia</span> <span class='ocrx_word' id='word_1_197' title='bbox 643 1591 723 1620; x_wconf 73' lang='lat' dir='ltr'>sunt</span> <span class='ocrx_word' id='word_1_198' title='bbox 754 1587 848 1630; x_wconf 80' lang='lat' dir='ltr'>apud</span> <span class='ocrx_word' id='word_1_199' title='bbox 880 1586 1046 1627; x_wconf 70' lang='lat' dir='ltr'>homines,</span> <span class='ocrx_word' id='word_1_200' title='bbox 1077 1596 1134 1630; x_wconf 91' lang='lat' dir='ltr'>per</span> 
     </span>
     <span class='ocr_line' id='line_1_36' title="bbox 169 1640 1134 1684; baseline -0.002 -8"><span class='ocrx_word' id='word_1_201' title='bbox 169 1643 321 1676; x_wconf 88' lang='lat' dir='ltr'>virtutem</span> <span class='ocrx_word' id='word_1_202' title='bbox 338 1641 455 1675; x_wconf 92' lang='lat' dir='ltr'>virium</span> <span class='ocrx_word' id='word_1_203' title='bbox 473 1650 618 1680; x_wconf 90' lang='lat' dir='ltr'>suarum,</span> <span class='ocrx_word' id='word_1_204' title='bbox 629 1640 803 1684; x_wconf 79' lang='lat' dir='ltr'>possibilia</span> <span class='ocrx_word' id='word_1_205' title='bbox 815 1645 896 1674; x_wconf 81' lang='lat' dir='ltr'>sunt</span> <span class='ocrx_word' id='word_1_206' title='bbox 907 1641 1001 1684; x_wconf 80' lang='lat' dir='ltr'>apud</span> <span class='ocrx_word' id='word_1_207' title='bbox 1016 1641 1134 1681; x_wconf 78' lang='lat' dir='ltr'>Deum,</span> 
     </span>
     <span class='ocr_line' id='line_1_37' title="bbox 168 1694 1135 1738; baseline -0.003 -8"><span class='ocrx_word' id='word_1_208' title='bbox 168 1696 200 1730; x_wconf 88' lang='lat' dir='ltr'>id</span> <span class='ocrx_word' id='word_1_209' title='bbox 215 1699 277 1735; x_wconf 91' lang='lat' dir='ltr'>est,</span> <span class='ocrx_word' id='word_1_210' title='bbox 295 1695 456 1738; x_wconf 86' lang='lat' dir='ltr'>possibilia</span> <span class='ocrx_word' id='word_1_211' title='bbox 479 1695 560 1728; x_wconf 89' lang='lat' dir='ltr'>fiunt</span> <span class='ocrx_word' id='word_1_212' title='bbox 584 1704 641 1737; x_wconf 91' lang='lat' dir='ltr'>per</span> <span class='ocrx_word' id='word_1_213' title='bbox 665 1695 734 1728; x_wconf 91' lang='lat' dir='ltr'>eius</span> <span class='ocrx_word' id='word_1_214' title='bbox 757 1694 969 1734; x_wconf 89' lang='lat' dir='ltr'>adiutorium;</span> <span class='ocrx_word' id='word_1_215' title='bbox 987 1695 1072 1737; x_wconf 91' lang='lat' dir='ltr'>quod</span> <span class='ocrx_word' id='word_1_216' title='bbox 1087 1695 1135 1728; x_wconf 91' lang='lat' dir='ltr'>di-</span> 
     </span>
     <span class='ocr_line' id='line_1_38' title="bbox 168 1747 1135 1792; baseline -0.003 -9"><span class='ocrx_word' id='word_1_217' title='bbox 168 1750 228 1789; x_wconf 89' lang='lat' dir='ltr'>cit,</span> <span class='ocrx_word' id='word_1_218' title='bbox 245 1749 338 1792; x_wconf 88' lang='lat' dir='ltr'>quia,</span> <span class='ocrx_word' id='word_1_219' title='bbox 354 1749 413 1782; x_wconf 86' lang='lat' dir='ltr'>etsi</span> <span class='ocrx_word' id='word_1_220' title='bbox 429 1748 556 1782; x_wconf 90' lang='lat' dir='ltr'>difficile</span> <span class='ocrx_word' id='word_1_221' title='bbox 573 1748 613 1782; x_wconf 88' lang='lat' dir='ltr'>sit</span> <span class='ocrx_word' id='word_1_222' title='bbox 635 1749 713 1782; x_wconf 88' lang='lat' dir='ltr'>haec</span> <span class='ocrx_word' id='word_1_223' title='bbox 731 1747 917 1791; x_wconf 87' lang='lat' dir='ltr'>temporalia</span> <span class='ocrx_word' id='word_1_224' title='bbox 933 1751 1135 1781; x_wconf 88' lang='lat' dir='ltr'>contemnere</span> 
     </span>
     <span class='ocr_line' id='line_1_39' title="bbox 168 1801 1134 1846; baseline -0.002 -10"><span class='ocrx_word' id='word_1_225' title='bbox 168 1812 225 1846; x_wconf 90' lang='lat' dir='ltr'>per</span> <span class='ocrx_word' id='word_1_226' title='bbox 249 1803 313 1837; x_wconf 83' lang='lat' dir='ltr'>vim</span> <span class='ocrx_word' id='word_1_227' title='bbox 338 1806 489 1842; x_wconf 88' lang='lat' dir='ltr'>naturae,</span> <span class='ocrx_word' id='word_1_228' title='bbox 514 1802 652 1836; x_wconf 86' lang='lat' dir='ltr'>efficitur</span> <span class='ocrx_word' id='word_1_229' title='bbox 684 1806 788 1835; x_wconf 83' lang='lat' dir='ltr'>tamen</span> <span class='ocrx_word' id='word_1_230' title='bbox 820 1801 911 1835; x_wconf 86' lang='lat' dir='ltr'>facile</span> <span class='ocrx_word' id='word_1_231' title='bbox 935 1810 992 1844; x_wconf 91' lang='lat' dir='ltr'>per</span> <span class='ocrx_word' id='word_1_232' title='bbox 1015 1801 1134 1835; x_wconf 90' lang='lat' dir='ltr'>donum</span> 
     </span>
     <span class='ocr_line' id='line_1_40' title="bbox 167 1855 1135 1899; baseline -0.002 -9"><span class='ocrx_word' id='word_1_233' title='bbox 167 1856 306 1899; x_wconf 85' lang='lat' dir='ltr'>gratiae,</span> <span class='ocrx_word' id='word_1_234' title='bbox 335 1856 510 1889; x_wconf 88' lang='lat' dir='ltr'>secundum</span> <span class='ocrx_word' id='word_1_235' title='bbox 542 1855 620 1889; x_wconf 93' lang='lat' dir='ltr'>iliud</span> <span class='ocrx_word' id='word_1_236' title='bbox 651 1856 852 1889; x_wconf 89' lang='lat' dir='ltr'>Canticorum</span> <span class='ocrx_word' id='word_1_237' title='bbox 886 1855 1041 1888; x_wconf 84' lang='lat' dir='ltr'>ultim0⁶:</span> <span class='ocrx_word' id='word_1_238' title='bbox 1071 1855 1135 1888; x_wconf 80' lang='lat' dir='ltr'>«Si</span> 
     </span>
     <span class='ocr_line' id='line_1_41' title="bbox 168 1908 1135 1950; baseline -0.001 -8"><span class='ocrx_word' id='word_1_239' title='bbox 168 1909 290 1942; x_wconf 89' lang='lat' dir='ltr'>dederit</span> <span class='ocrx_word' id='word_1_240' title='bbox 320 1909 416 1942; x_wconf 89' lang='lat' dir='ltr'>homo</span> <span class='ocrx_word' id='word_1_241' title='bbox 447 1918 572 1942; x_wconf 91' lang='lat' dir='ltr'>omnem</span> <span class='ocrx_word' id='word_1_242' title='bbox 598 1908 806 1942; x_wconf 81' lang='lat' dir='ltr'>substantiam</span> <span class='ocrx_word' id='word_1_243' title='bbox 831 1908 945 1942; x_wconf 91' lang='lat' dir='ltr'>domus</span> <span class='ocrx_word' id='word_1_244' title='bbox 968 1917 1045 1942; x_wconf 90' lang='lat' dir='ltr'>suae</span> <span class='ocrx_word' id='word_1_245' title='bbox 1076 1917 1135 1950; x_wconf 88' lang='lat' dir='ltr'>pro</span> 
     </span>
     <span class='ocr_line' id='line_1_42' title="bbox 168 1962 1135 2005; baseline -0.002 -9"><span class='ocrx_word' id='word_1_246' title='bbox 168 1962 352 2002; x_wconf 88' lang='lat' dir='ltr'>dilectione,</span> <span class='ocrx_word' id='word_1_247' title='bbox 377 1962 467 2005; x_wconf 88' lang='lat' dir='ltr'>quasi</span> <span class='ocrx_word' id='word_1_248' title='bbox 491 1962 571 1995; x_wconf 90' lang='lat' dir='ltr'>nihii</span> <span class='ocrx_word' id='word_1_249' title='bbox 594 1962 745 2005; x_wconf 85' lang='lat' dir='ltr'>despiciet</span> <span class='ocrx_word' id='word_1_250' title='bbox 769 1971 838 1995; x_wconf 90' lang='lat' dir='ltr'>eam</span> <span class='ocrx_word' id='word_1_251' title='bbox 856 1976 886 1995; x_wconf 69' lang='lat' dir='ltr'>n.</span> <span class='ocrx_word' id='word_1_252' title='bbox 904 1962 991 1995; x_wconf 88' lang='lat' dir='ltr'>Unde</span> <span class='ocrx_word' id='word_1_253' title='bbox 1007 1971 1070 1995; x_wconf 92' lang='lat' dir='ltr'>non</span> <span class='ocrx_word' id='word_1_254' title='bbox 1087 1965 1135 1995; x_wconf 90' lang='lat' dir='ltr'>est</span> 
     </span>
     <span class='ocr_line' id='line_1_43' title="bbox 168 2015 1134 2058; baseline -0.001 -10"><span class='ocrx_word' id='word_1_255' title='bbox 168 2015 406 2058; x_wconf 89' lang='lat' dir='ltr'>intelligendum</span> <span class='ocrx_word' id='word_1_256' title='bbox 417 2041 425 2055; x_wconf 95' lang='lat'>,</span> <span class='ocrx_word' id='word_1_257' title='bbox 442 2015 528 2058; x_wconf 92' lang='lat' dir='ltr'>quod</span> <span class='ocrx_word' id='word_1_258' title='bbox 545 2015 698 2049; x_wconf 89' lang='lat' dir='ltr'>Dominus</span> <span class='ocrx_word' id='word_1_259' title='bbox 714 2015 866 2058; x_wconf 89' lang='lat' dir='ltr'>cupidum</span> <span class='ocrx_word' id='word_1_260' title='bbox 881 2018 1062 2048; x_wconf 91' lang='lat' dir='ltr'>manentem</span> <span class='ocrx_word' id='word_1_261' title='bbox 1079 2023 1134 2047; x_wconf 88' lang='lat' dir='ltr'>cu-</span> 
     </span>
     <span class='ocr_line' id='line_1_44' title="bbox 170 2068 1135 2112; baseline -0.001 -10"><span class='ocrx_word' id='word_1_262' title='bbox 170 2068 279 2111; x_wconf 89' lang='lat' dir='ltr'>pidum</span> <span class='ocrx_word' id='word_1_263' title='bbox 304 2069 486 2102; x_wconf 89' lang='lat' dir='ltr'>introducat</span> <span class='ocrx_word' id='word_1_264' title='bbox 509 2078 567 2111; x_wconf 91' lang='lat' dir='ltr'>per</span> <span class='ocrx_word' id='word_1_265' title='bbox 583 2069 755 2112; x_wconf 88' lang='lat' dir='ltr'>potentiam</span> <span class='ocrx_word' id='word_1_266' title='bbox 771 2069 804 2102; x_wconf 93' lang='lat' dir='ltr'>in</span> <span class='ocrx_word' id='word_1_267' title='bbox 820 2069 942 2102; x_wconf 88' lang='lat' dir='ltr'>caelum</span> <span class='ocrx_word' id='word_1_268' title='bbox 953 2094 961 2107; x_wconf 94' lang='lat'><em>‚</em></span> <span class='ocrx_word' id='word_1_269' title='bbox 978 2068 1031 2101; x_wconf 91' lang='lat' dir='ltr'>sed</span> <span class='ocrx_word' id='word_1_270' title='bbox 1049 2068 1135 2110; x_wconf 91' lang='lat' dir='ltr'>quod</span> 
     </span>
     <span class='ocr_line' id='line_1_45' title="bbox 168 2120 1135 2165; baseline -0.002 -10"><span class='ocrx_word' id='word_1_271' title='bbox 168 2131 226 2165; x_wconf 90' lang='lat' dir='ltr'>per</span> <span class='ocrx_word' id='word_1_272' title='bbox 249 2122 369 2165; x_wconf 85' lang='lat' dir='ltr'>gratiae</span> <span class='ocrx_word' id='word_1_273' title='bbox 392 2120 520 2156; x_wconf 82' lang='lat' dir='ltr'>donum</span> <span class='ocrx_word' id='word_1_274' title='bbox 535 2122 691 2156; x_wconf 88' lang='lat' dir='ltr'>convertit</span> <span class='ocrx_word' id='word_1_275' title='bbox 713 2122 818 2164; x_wconf 90' lang='lat' dir='ltr'>ipsum</span> <span class='ocrx_word' id='word_1_276' title='bbox 843 2122 882 2155; x_wconf 90' lang='lat' dir='ltr'>de</span> <span class='ocrx_word' id='word_1_277' title='bbox 905 2121 982 2154; x_wconf 88' lang='lat' dir='ltr'>vitio</span> <span class='ocrx_word' id='word_1_278' title='bbox 1005 2120 1044 2154; x_wconf 90' lang='lat' dir='ltr'>ad</span> <span class='ocrx_word' id='word_1_279' title='bbox 1068 2121 1135 2154; x_wconf 90' lang='lat' dir='ltr'>vir-</span> 
     </span>
     <span class='ocr_line' id='line_1_46' title="bbox 169 2168 1133 2210; baseline -0.002 -2"><span class='ocrx_word' id='word_1_280' title='bbox 169 2168 280 2209; x_wconf 83' lang='lat' dir='ltr'>tutem.</span> <span class='ocrx_word' id='word_1_281' title='bbox 305 2175 392 2209; x_wconf 91' lang='lat' dir='ltr'>Unde</span> <span class='ocrx_word' id='word_1_282' title='bbox 415 2175 571 2209; x_wconf 83' lang='lat' dir='ltr'>Glossa⁷:</span> <span class='ocrx_word' id='word_1_283' title='bbox 602 2189 617 2204; x_wconf 86' lang='lat'>«</span> <span class='ocrx_word' id='word_1_284' title='bbox 634 2176 719 2208; x_wconf 92' lang='lat' dir='ltr'>Deus</span> <span class='ocrx_word' id='word_1_285' title='bbox 734 2175 775 2208; x_wconf 91' lang='lat' dir='ltr'>ab</span> <span class='ocrx_word' id='word_1_286' title='bbox 797 2183 906 2207; x_wconf 90' lang='lat' dir='ltr'>amore</span> <span class='ocrx_word' id='word_1_287' title='bbox 930 2177 1133 2210; x_wconf 89' lang='lat' dir='ltr'>terrenorum</span> 
     </span>
     <span class='ocr_line' id='line_1_47' title="bbox 168 2227 1133 2270; baseline -0.002 -8"><span class='ocrx_word' id='word_1_288' title='bbox 168 2228 208 2262; x_wconf 85' lang='lat' dir='ltr'>ad</span> <span class='ocrx_word' id='word_1_289' title='bbox 224 2229 387 2262; x_wconf 89' lang='lat' dir='ltr'>caritatem</span> <span class='ocrx_word' id='word_1_290' title='bbox 403 2231 607 2262; x_wconf 89' lang='lat' dir='ltr'>aeternorum</span> <span class='ocrx_word' id='word_1_291' title='bbox 624 2228 798 2267; x_wconf 88' lang='lat' dir='ltr'>convertit,</span> <span class='ocrx_word' id='word_1_292' title='bbox 814 2237 877 2260; x_wconf 88' lang='lat' dir='ltr'>non</span> <span class='ocrx_word' id='word_1_293' title='bbox 894 2227 979 2270; x_wconf 92' lang='lat' dir='ltr'>quod</span> <span class='ocrx_word' id='word_1_294' title='bbox 1003 2227 1133 2269; x_wconf 87' lang='lat' dir='ltr'>superbi</span> 
     </span>
     <span class='ocr_line' id='line_1_48' title="bbox 168 2281 1133 2324; baseline -0.002 -9"><span class='ocrx_word' id='word_1_295' title='bbox 168 2285 200 2315; x_wconf 91' lang='lat' dir='ltr'>et</span> <span class='ocrx_word' id='word_1_296' title='bbox 231 2282 337 2324; x_wconf 90' lang='lat' dir='ltr'>cupidi</span> <span class='ocrx_word' id='word_1_297' title='bbox 369 2282 489 2315; x_wconf 89' lang='lat' dir='ltr'>intrent</span> <span class='ocrx_word' id='word_1_298' title='bbox 513 2295 543 2314; x_wconf 71' lang='lat' dir='ltr'>n.</span> <span class='ocrx_word' id='word_1_299' title='bbox 578 2282 614 2315; x_wconf 91' lang='lat' dir='ltr'>Et</span> <span class='ocrx_word' id='word_1_300' title='bbox 645 2282 704 2315; x_wconf 87' lang='lat' dir='ltr'>hoc</span> <span class='ocrx_word' id='word_1_301' title='bbox 732 2285 781 2315; x_wconf 88' lang='lat' dir='ltr'>est</span> <span class='ocrx_word' id='word_1_302' title='bbox 804 2290 935 2324; x_wconf 86' lang='lat' dir='ltr'>magnae</span> <span class='ocrx_word' id='word_1_303' title='bbox 959 2281 1133 2323; x_wconf 90' lang='lat' dir='ltr'>potentiae,</span> 
     </span>
     <span class='ocr_line' id='line_1_49' title="bbox 168 2333 1134 2377; baseline -0.002 -10"><span class='ocrx_word' id='word_1_304' title='bbox 168 2334 253 2377; x_wconf 90' lang='lat' dir='ltr'>quod</span> <span class='ocrx_word' id='word_1_305' title='bbox 285 2338 372 2367; x_wconf 85' lang='lat' dir='ltr'>tanta</span> <span class='ocrx_word' id='word_1_306' title='bbox 395 2335 450 2367; x_wconf 87' lang='lat' dir='ltr'>fiat</span> <span class='ocrx_word' id='word_1_307' title='bbox 474 2335 625 2374; x_wconf 89' lang='lat' dir='ltr'>mutatio,</span> <span class='ocrx_word' id='word_1_308' title='bbox 650 2338 686 2368; x_wconf 86' lang='lat' dir='ltr'>ut</span> <span class='ocrx_word' id='word_1_309' title='bbox 714 2335 752 2368; x_wconf 91' lang='lat' dir='ltr'>de</span> <span class='ocrx_word' id='word_1_310' title='bbox 776 2334 892 2376; x_wconf 90' lang='lat' dir='ltr'>cupido</span> <span class='ocrx_word' id='word_1_311' title='bbox 915 2334 971 2366; x_wconf 86' lang='lat' dir='ltr'>fiat</span> <span class='ocrx_word' id='word_1_312' title='bbox 995 2333 1134 2369; x_wconf 82' lang='lat' dir='ltr'>caritati-</span> 
     </span>
     <span class='ocr_line' id='line_1_50' title="bbox 170 2387 1134 2430; baseline 0 -10"><span class='ocrx_word' id='word_1_313' title='bbox 170 2396 247 2427; x_wconf 90' lang='lat' dir='ltr'>vus,</span> <span class='ocrx_word' id='word_1_314' title='bbox 271 2387 309 2420; x_wconf 93' lang='lat' dir='ltr'>de</span> <span class='ocrx_word' id='word_1_315' title='bbox 333 2390 462 2421; x_wconf 90' lang='lat' dir='ltr'>terreno</span> <span class='ocrx_word' id='word_1_316' title='bbox 486 2388 647 2427; x_wconf 81' lang='lat' dir='ltr'>caelestis,</span> <span class='ocrx_word' id='word_1_317' title='bbox 671 2388 710 2421; x_wconf 91' lang='lat' dir='ltr'>de</span> <span class='ocrx_word' id='word_1_318' title='bbox 733 2388 829 2421; x_wconf 92' lang='lat' dir='ltr'>divite</span> <span class='ocrx_word' id='word_1_319' title='bbox 853 2397 993 2430; x_wconf 84' lang='lat' dir='ltr'>pauper,</span> <span class='ocrx_word' id='word_1_320' title='bbox 1017 2387 1056 2420; x_wconf 92' lang='lat' dir='ltr'>de</span> <span class='ocrx_word' id='word_1_321' title='bbox 1080 2396 1134 2420; x_wconf 88' lang='lat' dir='ltr'>su-</span> 
     </span>
     <span class='ocr_line' id='line_1_51' title="bbox 167 2440 1135 2483; baseline 0 -10"><span class='ocrx_word' id='word_1_322' title='bbox 167 2440 267 2483; x_wconf 88' lang='lat' dir='ltr'>perbo</span> <span class='ocrx_word' id='word_1_323' title='bbox 290 2440 439 2479; x_wconf 87' lang='lat' dir='ltr'>humilis,</span> <span class='ocrx_word' id='word_1_324' title='bbox 471 2440 510 2473; x_wconf 88' lang='lat' dir='ltr'>de</span> <span class='ocrx_word' id='word_1_325' title='bbox 542 2440 607 2473; x_wconf 81' lang='lat' dir='ltr'>filio</span> <span class='ocrx_word' id='word_1_326' title='bbox 638 2440 824 2482; x_wconf 89' lang='lat' dir='ltr'>perditionis</span> <span class='ocrx_word' id='word_1_327' title='bbox 855 2440 940 2473; x_wconf 86' lang='lat' dir='ltr'>filius</span> <span class='ocrx_word' id='word_1_328' title='bbox 964 2440 1066 2482; x_wconf 86' lang='lat' dir='ltr'>regis,</span> <span class='ocrx_word' id='word_1_329' title='bbox 1098 2443 1135 2473; x_wconf 91' lang='lat' dir='ltr'>ut</span> 
     </span>
     <span class='ocr_line' id='line_1_52' title="bbox 168 2493 1135 2536; baseline 0 -10"><span class='ocrx_word' id='word_1_330' title='bbox 168 2494 266 2536; x_wconf 88' lang='lat' dir='ltr'>possit</span> <span class='ocrx_word' id='word_1_331' title='bbox 297 2493 357 2527; x_wconf 89' lang='lat' dir='ltr'>dici</span> <span class='ocrx_word' id='word_1_332' title='bbox 381 2493 460 2526; x_wconf 91' lang='lat' dir='ltr'>illud</span> <span class='ocrx_word' id='word_1_333' title='bbox 484 2493 644 2527; x_wconf 63' lang='lat' dir='ltr'>Psalmiss:</span> <span class='ocrx_word' id='word_1_334' title='bbox 674 2494 786 2527; x_wconf 74' lang='lat' dir='ltr'>«Haec</span> <span class='ocrx_word' id='word_1_335' title='bbox 818 2493 952 2527; x_wconf 87' lang='lat' dir='ltr'>mutatio</span> <span class='ocrx_word' id='word_1_336' title='bbox 983 2493 1135 2526; x_wconf 85' lang='lat' dir='ltr'>dexterae</span> 
     </span>
     <span class='ocr_line' id='line_1_53' title="bbox 167 2546 1134 2590; baseline -0.002 -10"><span class='ocrx_word' id='word_1_337' title='bbox 167 2547 290 2581; x_wconf 86' lang='lat' dir='ltr'>Excelsi</span> <span class='ocrx_word' id='word_1_338' title='bbox 307 2559 339 2587; x_wconf 84' lang='lat'>»;</span> <span class='ocrx_word' id='word_1_339' title='bbox 370 2547 445 2590; x_wconf 85' lang='lat' dir='ltr'>quia</span> <span class='ocrx_word' id='word_1_340' title='bbox 476 2547 543 2589; x_wconf 91' lang='lat' dir='ltr'>ipse</span> <span class='ocrx_word' id='word_1_341' title='bbox 574 2550 638 2586; x_wconf 89' lang='lat' dir='ltr'>est,</span> <span class='ocrx_word' id='word_1_342' title='bbox 667 2547 722 2589; x_wconf 89' lang='lat' dir='ltr'>qui</span> <span class='ocrx_word' id='word_1_343' title='bbox 747 2550 850 2589; x_wconf 90' lang='lat' dir='ltr'>potest</span> <span class='ocrx_word' id='word_1_344' title='bbox 874 2546 951 2579; x_wconf 89' lang='lat' dir='ltr'>dare</span> <span class='ocrx_word' id='word_1_345' title='bbox 975 2546 1134 2579; x_wconf 87' lang='lat' dir='ltr'>sufficien-</span> 
     </span>
    </p>
   </div>
   <div class='ocr_carea' id='block_1_10' title="bbox 168 2729 1136 3424">
    <p class='ocr_par' dir='ltr' id='par_1_11' title="bbox 239 2729 1116 2762">
     <span class='ocr_line' id='line_1_54' title="bbox 239 2729 1116 2762; baseline -0.002 -6"><span class='ocrx_word' id='word_1_346' title='bbox 239 2730 248 2745; x_wconf 88' lang='lat'>¹</span> <span class='ocrx_word' id='word_1_347' title='bbox 269 2730 322 2757; x_wconf 84' lang='lat' dir='ltr'>Cfr.</span> <span class='ocrx_word' id='word_1_348' title='bbox 340 2731 405 2756; x_wconf 83' lang='lat' dir='ltr'>Gen.</span> <span class='ocrx_word' id='word_1_349' title='bbox 425 2731 474 2762; x_wconf 80' lang='lat'>22,</span> <span class='ocrx_word' id='word_1_350' title='bbox 495 2731 537 2756; x_wconf 86' lang='grc'>13.</span> <span class='ocrx_word' id='word_1_351' title='bbox 555 2744 591 2750; x_wconf 93' lang='grc'><strong>-</strong></span> <span class='ocrx_word' id='word_1_352' title='bbox 611 2730 708 2756; x_wconf 79' lang='lat' dir='ltr'>Textus</span> <span class='ocrx_word' id='word_1_353' title='bbox 726 2730 860 2762; x_wconf 85' lang='lat' dir='ltr'>originalis</span> <span class='ocrx_word' id='word_1_354' title='bbox 879 2730 921 2756; x_wconf 87' lang='lat' dir='ltr'>hic</span> <span class='ocrx_word' id='word_1_355' title='bbox 940 2730 1015 2761; x_wconf 87' lang='lat' dir='ltr'>plura</span> <span class='ocrx_word' id='word_1_356' title='bbox 1035 2729 1116 2755; x_wconf 80' lang='lat' dir='ltr'>addit.</span> 
     </span>
    </p>

    <p class='ocr_par' dir='ltr' id='par_1_12' title="bbox 168 2773 1135 2895">
     <span class='ocr_line' id='line_1_55' title="bbox 238 2773 1134 2807; baseline -0.002 -7"><span class='ocrx_word' id='word_1_357' title='bbox 238 2773 249 2788; x_wconf 77' lang='lat'>²</span> <span class='ocrx_word' id='word_1_358' title='bbox 270 2775 348 2807; x_wconf 83' lang='lat' dir='ltr'>Epist.</span> <span class='ocrx_word' id='word_1_359' title='bbox 369 2775 386 2800; x_wconf 93' lang='lat' dir='ltr'>i.</span> <span class='ocrx_word' id='word_1_360' title='bbox 406 2775 464 2801; x_wconf 86' lang='lat' dir='ltr'>Cor.</span> <span class='ocrx_word' id='word_1_361' title='bbox 485 2776 515 2806; x_wconf 78' lang='lat'>2,</span> <span class='ocrx_word' id='word_1_362' title='bbox 537 2775 587 2801; x_wconf 71' lang='lat'>⁴3:</span> <span class='ocrx_word' id='word_1_363' title='bbox 609 2774 796 2806; x_wconf 75' lang='lat' dir='ltr'>spiritualibus</span> <span class='ocrx_word' id='word_1_364' title='bbox 815 2774 960 2806; x_wconf 78' lang='lat' dir='ltr'>spiritualia</span> <span class='ocrx_word' id='word_1_365' title='bbox 981 2780 1134 2805; x_wconf 84' lang='lat' dir='ltr'>comparau-</span> 
     </span>
     <span class='ocr_line' id='line_1_56' title="bbox 168 2818 1135 2852; baseline 0 -8"><span class='ocrx_word' id='word_1_366' title='bbox 168 2822 217 2844; x_wconf 83' lang='lat' dir='ltr'>tes.</span> <span class='ocrx_word' id='word_1_367' title='bbox 235 2832 270 2838; x_wconf 88' lang='lat'>—-</span> <span class='ocrx_word' id='word_1_368' title='bbox 290 2819 417 2851; x_wconf 83' lang='lat' dir='ltr'>Superius</span> <span class='ocrx_word' id='word_1_369' title='bbox 436 2823 496 2851; x_wconf 86' lang='lat' dir='ltr'>post</span> <span class='ocrx_word' id='word_1_370' title='bbox 514 2818 606 2845; x_wconf 76' lang='lat' dir='ltr'>divina</span> <span class='ocrx_word' id='word_1_371' title='bbox 625 2826 731 2846; x_wconf 86' lang='lat' dir='ltr'>morem</span> <span class='ocrx_word' id='word_1_372' title='bbox 751 2819 821 2852; x_wconf 70' lang='lat' dir='ltr'>(Vat.</span> <span class='ocrx_word' id='word_1_373' title='bbox 843 2818 892 2845; x_wconf 83' lang='lat' dir='ltr'>Dei</span> <span class='ocrx_word' id='word_1_374' title='bbox 910 2818 1046 2850; x_wconf 81' lang='lat' dir='ltr'>timorem)</span> <span class='ocrx_word' id='word_1_375' title='bbox 1061 2824 1135 2851; x_wconf 69' lang='grc' dir='ltr'>ρει-ε-</span> 
     </span>
     <span class='ocr_line' id='line_1_57' title="bbox 169 2861 804 2895; baseline 0.003 -8"><span class='ocrx_word' id='word_1_376' title='bbox 169 2861 214 2888; x_wconf 80' lang='lat' dir='ltr'>bat</span> <span class='ocrx_word' id='word_1_377' title='bbox 234 2862 258 2887; x_wconf 88' lang='lat' dir='ltr'>in</span> <span class='ocrx_word' id='word_1_378' title='bbox 278 2865 347 2888; x_wconf 87' lang='lat' dir='ltr'>textu</span> <span class='ocrx_word' id='word_1_379' title='bbox 367 2862 488 2894; x_wconf 82' lang='lat' dir='ltr'>originali</span> <span class='ocrx_word' id='word_1_380' title='bbox 508 2864 582 2895; x_wconf 87' lang='lat' dir='ltr'>plura</span> <span class='ocrx_word' id='word_1_381' title='bbox 603 2863 804 2889; x_wconf 84' lang='lat' dir='ltr'>subnectuntur.</span> 
     </span>
    </p>

    <p class='ocr_par' dir='ltr' id='par_1_13' title="bbox 170 2905 1133 2983">
     <span class='ocr_line' id='line_1_58' title="bbox 241 2905 1133 2940; baseline -0.001 -7"><span class='ocrx_word' id='word_1_382' title='bbox 241 2905 251 2920; x_wconf 72' lang='lat'>²³</span> <span class='ocrx_word' id='word_1_383' title='bbox 271 2906 355 2933; x_wconf 85' lang='lat' dir='ltr'>Codd.</span> <span class='ocrx_word' id='word_1_384' title='bbox 373 2906 425 2932; x_wconf 91' lang='lat' dir='ltr'>CD</span> <span class='ocrx_word' id='word_1_385' title='bbox 444 2907 545 2932; x_wconf 83' lang='lat' dir='ltr'>addunt</span> <span class='ocrx_word' id='word_1_386' title='bbox 564 2906 649 2940; x_wconf 77' lang='lat' dir='ltr'>ltaec;</span> <span class='ocrx_word' id='word_1_387' title='bbox 668 2909 716 2933; x_wconf 86' lang='lat' dir='ltr'>cfr.</span> <span class='ocrx_word' id='word_1_388' title='bbox 744 2909 771 2933; x_wconf 86' lang='lat' dir='ltr'>S.</span> <span class='ocrx_word' id='word_1_389' title='bbox 800 2908 896 2933; x_wconf 83' lang='lat' dir='ltr'>Thoui.</span> <span class='ocrx_word' id='word_1_390' title='bbox 917 2907 981 2940; x_wconf 77' lang='lat' dir='ltr'>(Cat.</span> <span class='ocrx_word' id='word_1_391' title='bbox 1002 2914 1081 2933; x_wconf 83' lang='lat' dir='ltr'>aurea</span> <span class='ocrx_word' id='word_1_392' title='bbox 1108 2907 1133 2932; x_wconf 92' lang='lat' dir='ltr'>in</span> 
     </span>
     <span class='ocr_line' id='line_1_59' title="bbox 170 2950 411 2983; baseline 0 -7"><span class='ocrx_word' id='word_1_393' title='bbox 170 2951 233 2977; x_wconf 87' lang='lat' dir='ltr'>Luc.</span> <span class='ocrx_word' id='word_1_394' title='bbox 254 2951 297 2976; x_wconf 83' lang='grc'>18.</span> <span class='ocrx_word' id='word_1_395' title='bbox 316 2958 342 2976; x_wconf 92' lang='grc' dir='ltr'>ιι.</span> <span class='ocrx_word' id='word_1_396' title='bbox 362 2950 411 2983; x_wconf 81' lang='grc'>5,).</span> 
     </span>
    </p>

    <p class='ocr_par' dir='ltr' id='par_1_14' title="bbox 170 2994 1136 3159">
     <span class='ocr_line' id='line_1_60' title="bbox 242 2994 1134 3028; baseline 0.001 -8"><span class='ocrx_word' id='word_1_397' title='bbox 242 2994 252 3009; x_wconf 88' lang='lat'><strong>⁴</strong></span> <span class='ocrx_word' id='word_1_398' title='bbox 271 2994 341 3021; x_wconf 86' lang='lat' dir='ltr'>Libr.</span> <span class='ocrx_word' id='word_1_399' title='bbox 354 2995 377 3020; x_wconf 74' lang='lat'>4.</span> <span class='ocrx_word' id='word_1_400' title='bbox 397 2995 448 3028; x_wconf 85' lang='lat' dir='ltr'>Qq.</span> <span class='ocrx_word' id='word_1_401' title='bbox 468 2995 632 3027; x_wconf 77' lang='lat' dir='ltr'>Evangelior.</span> <span class='ocrx_word' id='word_1_402' title='bbox 660 3003 687 3028; x_wconf 92' lang='lat' dir='ltr'>q.</span> <span class='ocrx_word' id='word_1_403' title='bbox 714 2996 758 3021; x_wconf 78' lang='lat'>26.</span> <span class='ocrx_word' id='word_1_404' title='bbox 786 2998 812 3021; x_wconf 85' lang='lat' dir='ltr'>et</span> <span class='ocrx_word' id='word_1_405' title='bbox 840 2996 867 3021; x_wconf 89' lang='lat' dir='ltr'>il.</span> <span class='ocrx_word' id='word_1_406' title='bbox 893 3003 920 3028; x_wconf 89' lang='lat' dir='ltr'>q.</span> <span class='ocrx_word' id='word_1_407' title='bbox 941 2995 984 3021; x_wconf 71' lang='lat'>47.</span> <span class='ocrx_word' id='word_1_408' title='bbox 1004 2995 1134 3021; x_wconf 80' lang='lat' dir='ltr'>Sententia</span> 
     </span>
     <span class='ocr_line' id='line_1_61' title="bbox 170 3038 1136 3070; baseline 0 -6"><span class='ocrx_word' id='word_1_409' title='bbox 170 3039 308 3065; x_wconf 81' lang='lat' dir='ltr'>exhibetur</span> <span class='ocrx_word' id='word_1_410' title='bbox 327 3038 416 3064; x_wconf 84' lang='lat' dir='ltr'>verbis</span> <span class='ocrx_word' id='word_1_411' title='bbox 433 3039 541 3064; x_wconf 81' lang='lat' dir='ltr'>Glossae</span> <span class='ocrx_word' id='word_1_412' title='bbox 554 3038 712 3065; x_wconf 79' lang='lat' dir='ltr'>ordinariae</span> <span class='ocrx_word' id='word_1_413' title='bbox 731 3039 757 3064; x_wconf 92' lang='lat' dir='ltr'>in</span> <span class='ocrx_word' id='word_1_414' title='bbox 776 3040 854 3065; x_wconf 79' lang='lat' dir='ltr'>Marc.</span> <span class='ocrx_word' id='word_1_415' title='bbox 875 3039 922 3070; x_wconf 82' lang='grc'>10,</span> <span class='ocrx_word' id='word_1_416' title='bbox 943 3040 995 3070; x_wconf 83' lang='lat'>26;</span> <span class='ocrx_word' id='word_1_417' title='bbox 1016 3040 1085 3065; x_wconf 87' lang='lat' dir='ltr'>idem</span> <span class='ocrx_word' id='word_1_418' title='bbox 1101 3039 1136 3064; x_wconf 85' lang='lat' dir='ltr'>in-</span> 
     </span>
     <span class='ocr_line' id='line_1_62' title="bbox 170 3082 1134 3114; baseline 0 -6"><span class='ocrx_word' id='word_1_419' title='bbox 170 3082 256 3109; x_wconf 85' lang='lat' dir='ltr'>sinuat</span> <span class='ocrx_word' id='word_1_420' title='bbox 274 3083 359 3114; x_wconf 82' lang='lat' dir='ltr'>Beda,</span> <span class='ocrx_word' id='word_1_421' title='bbox 379 3083 405 3108; x_wconf 91' lang='lat' dir='ltr'>in</span> <span class='ocrx_word' id='word_1_422' title='bbox 425 3084 494 3108; x_wconf 86' lang='lat' dir='ltr'>hunc</span> <span class='ocrx_word' id='word_1_423' title='bbox 513 3083 582 3114; x_wconf 86' lang='lat' dir='ltr'>loc.;</span> <span class='ocrx_word' id='word_1_424' title='bbox 603 3083 638 3108; x_wconf 94' lang='lat' dir='ltr'>iii.</span> <span class='ocrx_word' id='word_1_425' title='bbox 659 3082 686 3108; x_wconf 87' lang='lat' dir='ltr'>in</span> <span class='ocrx_word' id='word_1_426' title='bbox 706 3082 791 3108; x_wconf 82' lang='lat' dir='ltr'>Matth.</span> <span class='ocrx_word' id='word_1_427' title='bbox 813 3083 859 3114; x_wconf 80' lang='grc'>19,</span> <span class='ocrx_word' id='word_1_428' title='bbox 879 3082 922 3109; x_wconf 80' lang='lat'>25.</span> <span class='ocrx_word' id='word_1_429' title='bbox 942 3086 968 3108; x_wconf 89' lang='lat' dir='ltr'>et</span> <span class='ocrx_word' id='word_1_430' title='bbox 986 3083 1019 3108; x_wconf 90' lang='lat' dir='ltr'>V.</span> <span class='ocrx_word' id='word_1_431' title='bbox 1032 3083 1058 3108; x_wconf 92' lang='lat' dir='ltr'>in</span> <span class='ocrx_word' id='word_1_432' title='bbox 1072 3083 1134 3109; x_wconf 86' lang='lat' dir='ltr'>Luc.</span> 
     </span>
     <span class='ocr_line' id='line_1_63' title="bbox 171 3126 816 3159; baseline 0.002 -8"><span class='ocrx_word' id='word_1_433' title='bbox 171 3126 219 3158; x_wconf 73' lang='lat'>⁴8,</span> <span class='ocrx_word' id='word_1_434' title='bbox 239 3127 282 3152; x_wconf 78' lang='lat'>26.</span> <span class='ocrx_word' id='word_1_435' title='bbox 301 3140 337 3146; x_wconf 93' lang='lat'><strong>—</strong></span> <span class='ocrx_word' id='word_1_436' title='bbox 355 3126 473 3153; x_wconf 87' lang='lat' dir='ltr'>Subinde</span> <span class='ocrx_word' id='word_1_437' title='bbox 492 3127 618 3159; x_wconf 78' lang='lat' dir='ltr'>allegatur</span> <span class='ocrx_word' id='word_1_438' title='bbox 638 3127 701 3152; x_wconf 79' lang='lat' dir='ltr'>Phil.</span> <span class='ocrx_word' id='word_1_439' title='bbox 721 3127 752 3158; x_wconf 83' lang='lat'>2,</span> <span class='ocrx_word' id='word_1_440' title='bbox 772 3127 816 3153; x_wconf 73' lang='lat'>21.</span> 
     </span>
    </p>

    <p class='ocr_par' dir='ltr' id='par_1_15' title="bbox 242 3168 1061 3203">
     <span class='ocr_line' id='line_1_64' title="bbox 242 3168 1061 3203; baseline 0 -7"><span class='ocrx_word' id='word_1_441' title='bbox 242 3168 253 3183; x_wconf 76' lang='lat'>⁵</span> <span class='ocrx_word' id='word_1_442' title='bbox 271 3169 355 3196; x_wconf 91' lang='lat' dir='ltr'>Codd.</span> <span class='ocrx_word' id='word_1_443' title='bbox 375 3170 486 3198; x_wconf 80' lang='lat' dir='ltr'>ACDH</span> <span class='ocrx_word' id='word_1_444' title='bbox 508 3171 543 3197; x_wconf 86' lang='lat' dir='ltr'>Et</span> <span class='ocrx_word' id='word_1_445' title='bbox 560 3170 620 3203; x_wconf 79' lang='lat' dir='ltr'>ait‚·</span> <span class='ocrx_word' id='word_1_446' title='bbox 638 3172 684 3196; x_wconf 82' lang='lat' dir='ltr'>cfr.</span> <span class='ocrx_word' id='word_1_447' title='bbox 705 3171 733 3196; x_wconf 88' lang='grc' dir='ltr'>Β.</span> <span class='ocrx_word' id='word_1_448' title='bbox 753 3169 852 3196; x_wconf 83' lang='lat' dir='ltr'>Albert.</span> <span class='ocrx_word' id='word_1_449' title='bbox 873 3173 900 3196; x_wconf 85' lang='lat' dir='ltr'>et</span> <span class='ocrx_word' id='word_1_450' title='bbox 917 3171 1061 3197; x_wconf 81' lang='lat' dir='ltr'>Gorranus.</span> 
     </span>
    </p>

    <p class='ocr_par' dir='ltr' id='par_1_16' title="bbox 241 3210 1133 3246">
     <span class='ocr_line' id='line_1_65' title="bbox 241 3210 1133 3246; baseline 0.001 -8"><span class='ocrx_word' id='word_1_451' title='bbox 241 3210 253 3226; x_wconf 76' lang='lat'><strong>⁶</strong></span> <span class='ocrx_word' id='word_1_452' title='bbox 274 3213 347 3238; x_wconf 80' lang='lat' dir='ltr'>Vers.</span> <span class='ocrx_word' id='word_1_453' title='bbox 366 3213 392 3239; x_wconf 86' lang='lat'>7.</span> <span class='ocrx_word' id='word_1_454' title='bbox 411 3214 464 3240; x_wconf 74' lang='lat' dir='ltr'>Cir.</span> <span class='ocrx_word' id='word_1_455' title='bbox 481 3214 603 3246; x_wconf 61' lang='lat' dir='ltr'>origen„</span> <span class='ocrx_word' id='word_1_456' title='bbox 616 3214 763 3240; x_wconf 81' lang='lat' dir='ltr'>Comment.</span> <span class='ocrx_word' id='word_1_457' title='bbox 777 3213 801 3238; x_wconf 92' lang='lat' dir='ltr'>in</span> <span class='ocrx_word' id='word_1_458' title='bbox 816 3213 904 3239; x_wconf 83' lang='lat' dir='ltr'>Matth.</span> <span class='ocrx_word' id='word_1_459' title='bbox 916 3217 980 3239; x_wconf 83' lang='lat' dir='ltr'>tom.</span> <span class='ocrx_word' id='word_1_460' title='bbox 996 3213 1039 3239; x_wconf 84' lang='grc'>15.</span> <span class='ocrx_word' id='word_1_461' title='bbox 1052 3220 1077 3239; x_wconf 90' lang='lat' dir='ltr'>n.</span> <span class='ocrx_word' id='word_1_462' title='bbox 1091 3213 1133 3239; x_wconf 82' lang='lat'>20.</span> 
     </span>
    </p>

    <p class='ocr_par' dir='ltr' id='par_1_17' title="bbox 171 3254 1135 3424">
     <span class='ocr_line' id='line_1_66' title="bbox 242 3254 1134 3291; baseline 0 -9"><span class='ocrx_word' id='word_1_463' title='bbox 242 3254 252 3270; x_wconf 89' lang='lat'>⁷</span> <span class='ocrx_word' id='word_1_464' title='bbox 274 3256 376 3283; x_wconf 80' lang='lat' dir='ltr'>Scilicet</span> <span class='ocrx_word' id='word_1_465' title='bbox 393 3257 577 3285; x_wconf 69' lang='lat' dir='ltr'>interlinearis</span> <span class='ocrx_word' id='word_1_466' title='bbox 598 3259 639 3291; x_wconf 86' lang='lat' dir='ltr'>(ex</span> <span class='ocrx_word' id='word_1_467' title='bbox 658 3258 743 3289; x_wconf 82' lang='lat' dir='ltr'>Beda,</span> <span class='ocrx_word' id='word_1_468' title='bbox 763 3257 810 3291; x_wconf 90' lang='lat' dir='ltr'>qui</span> <span class='ocrx_word' id='word_1_469' title='bbox 828 3257 948 3290; x_wconf 82' lang='lat' dir='ltr'>sequitur</span> <span class='ocrx_word' id='word_1_470' title='bbox 967 3257 1092 3289; x_wconf 59' lang='lat' dir='ltr'>August„</span> <span class='ocrx_word' id='word_1_471' title='bbox 1107 3258 1134 3283; x_wconf 91' lang='lat' dir='ltr'>il.</span> 
     </span>
     <span class='ocr_line' id='line_1_67' title="bbox 171 3300 1134 3336; baseline 0 -9"><span class='ocrx_word' id='word_1_472' title='bbox 171 3301 221 3334; x_wconf 85' lang='lat' dir='ltr'>Qq.</span> <span class='ocrx_word' id='word_1_473' title='bbox 235 3300 402 3332; x_wconf 77' lang='lat' dir='ltr'>Evangelior.</span> <span class='ocrx_word' id='word_1_474' title='bbox 420 3309 448 3334; x_wconf 87' lang='lat' dir='ltr'>q.</span> <span class='ocrx_word' id='word_1_475' title='bbox 467 3302 520 3335; x_wconf 74' lang='lat'>47.)</span> <span class='ocrx_word' id='word_1_476' title='bbox 534 3311 540 3328; x_wconf 90' lang='lat'>:</span> <span class='ocrx_word' id='word_1_477' title='bbox 556 3302 631 3335; x_wconf 74' lang='lat' dir='ltr'>Quae</span> <span class='ocrx_word' id='word_1_478' title='bbox 644 3301 822 3336; x_wconf 76' lang='lat' dir='ltr'>impossibilia</span> <span class='ocrx_word' id='word_1_479' title='bbox 834 3303 899 3328; x_wconf 76' lang='lat' dir='ltr'>sunt</span> <span class='ocrx_word' id='word_1_480' title='bbox 911 3300 985 3335; x_wconf 79' lang='lat' dir='ltr'>apud</span> <span class='ocrx_word' id='word_1_481' title='bbox 997 3300 1134 3333; x_wconf 66' lang='lat' dir='ltr'>homines,</span> 
     </span>
     <span class='ocr_line' id='line_1_68' title="bbox 173 3344 1135 3379; baseline 0 -8"><span class='ocrx_word' id='word_1_482' title='bbox 173 3349 201 3372; x_wconf 88' lang='lat' dir='ltr'>ut</span> <span class='ocrx_word' id='word_1_483' title='bbox 219 3352 267 3378; x_wconf 82' lang='lat' dir='ltr'>per</span> <span class='ocrx_word' id='word_1_484' title='bbox 285 3352 314 3371; x_wconf 82' lang='lat' dir='ltr'>sc</span> <span class='ocrx_word' id='word_1_485' title='bbox 333 3352 347 3371; x_wconf 77' lang='lat' dir='ltr'>a</span> <span class='ocrx_word' id='word_1_486' title='bbox 377 3345 431 3371; x_wconf 77' lang='lat' dir='ltr'>suis</span> <span class='ocrx_word' id='word_1_487' title='bbox 460 3345 648 3378; x_wconf 72' lang='lat' dir='ltr'>cupiditatibus</span> <span class='ocrx_word' id='word_1_488' title='bbox 676 3349 877 3379; x_wconf 79' lang='lat' dir='ltr'>convertantur,</span> <span class='ocrx_word' id='word_1_489' title='bbox 902 3344 1044 3379; x_wconf 75' lang='lat' dir='ltr'>possibilia</span> <span class='ocrx_word' id='word_1_490' title='bbox 1070 3346 1135 3372; x_wconf 78' lang='lat' dir='ltr'>suut</span> 
     </span>
     <span class='ocr_line' id='line_1_69' title="bbox 171 3388 689 3424; baseline 0.002 -8"><span class='ocrx_word' id='word_1_491' title='bbox 171 3388 254 3424; x_wconf 59' lang='lat' dir='ltr'>apud</span> <span class='ocrx_word' id='word_1_492' title='bbox 268 3389 368 3421; x_wconf 83' lang='lat' dir='ltr'>Deum,</span> <span class='ocrx_word' id='word_1_493' title='bbox 388 3389 458 3418; x_wconf 84' lang='lat' dir='ltr'>Deus</span> <span class='ocrx_word' id='word_1_494' title='bbox 477 3388 511 3415; x_wconf 80' lang='lat' dir='ltr'>ab</span> <span class='ocrx_word' id='word_1_495' title='bbox 530 3396 621 3416; x_wconf 83' lang='lat' dir='ltr'>amore</span> <span class='ocrx_word' id='word_1_496' title='bbox 640 3394 689 3417; x_wconf 85' lang='lat' dir='ltr'>etc.</span> 
     </span>
    </p>
   </div>
   <div class='ocr_carea' id='block_1_11' title="bbox 279 3442 643 3470">
    <p class='ocr_par' dir='ltr' id='par_1_18' title="bbox 279 3442 643 3470">
     <span class='ocr_line' id='line_1_70' title="bbox 279 3442 643 3470; baseline 0 -1"><span class='ocrx_word' id='word_1_497' title='bbox 279 3442 311 3469; x_wconf 90' lang='lat' dir='ltr'>S.</span> <span class='ocrx_word' id='word_1_498' title='bbox 330 3442 435 3469; x_wconf 72' lang='lat' dir='ltr'>Bonae.</span> <span class='ocrx_word' id='word_1_499' title='bbox 446 3456 481 3462; x_wconf 98' lang='lat'><strong>—</strong></span> <span class='ocrx_word' id='word_1_500' title='bbox 495 3442 574 3469; x_wconf 85' lang='lat' dir='ltr'>Tom.</span> <span class='ocrx_word' id='word_1_501' title='bbox 587 3443 643 3470; x_wconf 90' lang='lat' dir='ltr'>Vll.</span> 
     </span>
    </p>
   </div>
   <div class='ocr_carea' id='block_1_12' title="bbox 2092 226 2155 257">
    <p class='ocr_par' dir='ltr' id='par_1_19' title="bbox 2092 226 2155 257">
     <span class='ocr_line' id='line_1_71' title="bbox 2092 226 2155 257; baseline 0 -1"><span class='ocrx_word' id='word_1_502' title='bbox 2092 226 2155 257; x_wconf 58' lang='lat'>[4615</span> 
     </span>
    </p>
   </div>
   <div class='ocr_carea' id='block_1_13' title="bbox 1198 309 2328 725">
    <p class='ocr_par' dir='ltr' id='par_1_20' title="bbox 1198 309 2328 725">
     <span class='ocr_line' id='line_1_72' title="bbox 1199 309 2159 353; baseline 0.003 -12"><span class='ocrx_word' id='word_1_503' title='bbox 1199 309 1273 345; x_wconf 87' lang='lat' dir='ltr'>tiam</span> <span class='ocrx_word' id='word_1_504' title='bbox 1305 309 1409 342; x_wconf 90' lang='lat' dir='ltr'>cordis</span> <span class='ocrx_word' id='word_1_505' title='bbox 1440 319 1496 351; x_wconf 92' lang='lat' dir='ltr'>per</span> <span class='ocrx_word' id='word_1_506' title='bbox 1519 311 1670 352; x_wconf 80' lang='lat' dir='ltr'>gratiam,</span> <span class='ocrx_word' id='word_1_507' title='bbox 1695 320 1776 353; x_wconf 90' lang='lat' dir='ltr'>quae</span> <span class='ocrx_word' id='word_1_508' title='bbox 1800 321 1861 344; x_wconf 87' lang='lat' dir='ltr'>non</span> <span class='ocrx_word' id='word_1_509' title='bbox 1887 315 1988 353; x_wconf 88' lang='lat' dir='ltr'>potest</span> <span class='ocrx_word' id='word_1_510' title='bbox 2011 312 2077 344; x_wconf 87' lang='lat' dir='ltr'>dari</span> <span class='ocrx_word' id='word_1_511' title='bbox 2105 321 2159 353; x_wconf 84' lang='lat' dir='ltr'>per</span> 
     </span>
     <span class='ocr_line' id='line_1_73' title="bbox 1198 362 2158 405; baseline 0.002 -11"><span class='ocrx_word' id='word_1_512' title='bbox 1198 362 1383 403; x_wconf 86' lang='lat' dir='ltr'>pecuniam,</span> <span class='ocrx_word' id='word_1_513' title='bbox 1409 363 1458 395; x_wconf 91' lang='lat' dir='ltr'>vei</span> <span class='ocrx_word' id='word_1_514' title='bbox 1481 363 1619 405; x_wconf 86' lang='lat' dir='ltr'>aliquam</span> <span class='ocrx_word' id='word_1_515' title='bbox 1648 368 1845 403; x_wconf 85' lang='lat' dir='ltr'>creaturam,</span> <span class='ocrx_word' id='word_1_516' title='bbox 1878 365 2051 397; x_wconf 87' lang='lat' dir='ltr'>secundum</span> <span class='ocrx_word' id='word_1_517' title='bbox 2085 365 2158 397; x_wconf 81' lang='lat' dir='ltr'>iilud</span> 
     </span>
     <span class='ocr_line' id='line_1_74' title="bbox 1199 415 2161 451; baseline 0.001 -3"><span class='ocrx_word' id='word_1_518' title='bbox 1199 415 1355 448; x_wconf 87' lang='lat' dir='ltr'>secundae</span> <span class='ocrx_word' id='word_1_519' title='bbox 1386 415 1425 448; x_wconf 83' lang='lat' dir='ltr'>ad</span> <span class='ocrx_word' id='word_1_520' title='bbox 1456 416 1636 451; x_wconf 88' lang='lat' dir='ltr'>Corinthios</span> <span class='ocrx_word' id='word_1_521' title='bbox 1668 418 1796 449; x_wconf 76' lang='lat' dir='ltr'>nono⁹z</span> <span class='ocrx_word' id='word_1_522' title='bbox 1828 431 1842 445; x_wconf 92' lang='lat'>«</span> <span class='ocrx_word' id='word_1_523' title='bbox 1860 418 1970 450; x_wconf 88' lang='lat' dir='ltr'>Potens</span> <span class='ocrx_word' id='word_1_524' title='bbox 1999 422 2046 451; x_wconf 84' lang='lat' dir='ltr'>est</span> <span class='ocrx_word' id='word_1_525' title='bbox 2078 419 2161 450; x_wconf 60' lang='lat' dir='ltr'>Deus⁴</span> 
     </span>
     <span class='ocr_line' id='line_1_75' title="bbox 1199 468 2160 510; baseline 0.002 -10"><span class='ocrx_word' id='word_1_526' title='bbox 1199 477 1324 501; x_wconf 89' lang='lat' dir='ltr'>omnem</span> <span class='ocrx_word' id='word_1_527' title='bbox 1356 468 1489 510; x_wconf 84' lang='lat' dir='ltr'>gratiam</span> <span class='ocrx_word' id='word_1_528' title='bbox 1520 469 1683 502; x_wconf 88' lang='lat' dir='ltr'>abundare</span> <span class='ocrx_word' id='word_1_529' title='bbox 1718 470 1820 503; x_wconf 80' lang='lat' dir='ltr'>facere</span> <span class='ocrx_word' id='word_1_530' title='bbox 1857 471 1886 502; x_wconf 89' lang='lat' dir='ltr'>in</span> <span class='ocrx_word' id='word_1_531' title='bbox 1924 471 2029 509; x_wconf 82' lang='lat' dir='ltr'>vobis,</span> <span class='ocrx_word' id='word_1_532' title='bbox 2063 475 2098 503; x_wconf 90' lang='lat' dir='ltr'>ut</span> <span class='ocrx_word' id='word_1_533' title='bbox 2131 471 2160 502; x_wconf 85' lang='lat' dir='ltr'>in</span> 
     </span>
     <span class='ocr_line' id='line_1_76' title="bbox 1199 521 2161 563; baseline 0.001 -9"><span class='ocrx_word' id='word_1_534' title='bbox 1199 521 1346 555; x_wconf 89' lang='lat' dir='ltr'>omnibus</span> <span class='ocrx_word' id='word_1_535' title='bbox 1362 531 1487 563; x_wconf 88' lang='lat' dir='ltr'>semper</span> <span class='ocrx_word' id='word_1_536' title='bbox 1503 531 1627 555; x_wconf 90' lang='lat' dir='ltr'>omnem</span> <span class='ocrx_word' id='word_1_537' title='bbox 1645 523 1863 556; x_wconf 85' lang='lat' dir='ltr'>sufficientiam</span> <span class='ocrx_word' id='word_1_538' title='bbox 1881 524 2033 557; x_wconf 86' lang='lat' dir='ltr'>habentes</span> <span class='ocrx_word' id='word_1_539' title='bbox 2050 538 2065 553; x_wconf 73' lang='lat'>1&gt;</span> <span class='ocrx_word' id='word_1_540' title='bbox 2087 528 2161 561; x_wconf 77' lang='lat' dir='ltr'>etc,</span> 
     </span>
     <span class='ocr_line' id='line_1_77' title="bbox 1200 575 2163 618; baseline 0.002 -11"><span class='ocrx_word' id='word_1_541' title='bbox 1200 575 1292 617; x_wconf 87' lang='lat' dir='ltr'>quia,</span> <span class='ocrx_word' id='word_1_542' title='bbox 1316 575 1399 608; x_wconf 90' lang='lat' dir='ltr'>sicut</span> <span class='ocrx_word' id='word_1_543' title='bbox 1421 575 1537 608; x_wconf 86' lang='lat' dir='ltr'>dicitur</span> <span class='ocrx_word' id='word_1_544' title='bbox 1562 585 1659 617; x_wconf 89' lang='lat' dir='ltr'>supra</span> <span class='ocrx_word' id='word_1_545' title='bbox 1684 576 1803 617; x_wconf 89' lang='lat' dir='ltr'>primo,</span> <span class='ocrx_word' id='word_1_546' title='bbox 1833 590 1848 605; x_wconf 83' lang='lat'>«</span> <span class='ocrx_word' id='word_1_547' title='bbox 1865 586 1927 609; x_wconf 89' lang='lat' dir='ltr'>non</span> <span class='ocrx_word' id='word_1_548' title='bbox 1959 578 2019 609; x_wconf 88' lang='lat' dir='ltr'>erit</span> <span class='ocrx_word' id='word_1_549' title='bbox 2049 577 2163 618; x_wconf 86' lang='lat' dir='ltr'>impos-</span> 
     </span>
     <span class='ocr_line' id='line_1_78' title="bbox 1200 628 1844 670; baseline 0 -8"><span class='ocrx_word' id='word_1_550' title='bbox 1200 629 1290 662; x_wconf 89' lang='lat' dir='ltr'>sibiie</span> <span class='ocrx_word' id='word_1_551' title='bbox 1313 628 1397 670; x_wconf 90' lang='lat' dir='ltr'>apud</span> <span class='ocrx_word' id='word_1_552' title='bbox 1421 629 1522 661; x_wconf 87' lang='lat' dir='ltr'>Deum</span> <span class='ocrx_word' id='word_1_553' title='bbox 1547 638 1639 662; x_wconf 87' lang='lat' dir='ltr'>omne</span> <span class='ocrx_word' id='word_1_554' title='bbox 1663 630 1796 662; x_wconf 89' lang='lat' dir='ltr'>verbum</span> <span class='ocrx_word' id='word_1_555' title='bbox 1816 644 1844 661; x_wconf 89' lang='lat'>».</span> 
     </span>
     <span class='ocr_line' id='line_1_79' title="bbox 1285 682 2328 725; baseline 0.001 -11"><span class='ocrx_word' id='word_1_556' title='bbox 1285 682 1342 725; x_wconf 68' lang='lat'>47.</span> <span class='ocrx_word' id='word_1_557' title='bbox 1368 682 1470 723; x_wconf 87' lang='lat' dir='ltr'>(Vers.</span> <span class='ocrx_word' id='word_1_558' title='bbox 1495 682 1573 722; x_wconf 50' lang='lat'>28).</span> <span class='ocrx_word' id='word_1_559' title='bbox 1607 682 1672 714; x_wconf 75' lang='lat' dir='ltr'>Ait</span> <span class='ocrx_word' id='word_1_560' title='bbox 1695 687 1806 714; x_wconf 85' lang='lat' dir='ltr'>autem</span> <span class='ocrx_word' id='word_1_561' title='bbox 1839 683 1969 715; x_wconf 81' lang='lat' dir='ltr'>Petrus.</span> <span class='ocrx_word' id='word_1_562' title='bbox 1996 684 2161 724; x_wconf 84' lang='lat' dir='ltr'>Postquam</span> <span class='ocrx_word' id='word_1_563' title='bbox 2181 689 2328 711; x_wconf 61' lang='lat' dir='ltr'>Rationecon—</span> 
     </span>
    </p>
   </div>
   <div class='ocr_carea' id='block_1_14' title="bbox 2182 717 2329 737">
    <p class='ocr_par' dir='ltr' id='par_1_21' title="bbox 2182 717 2329 737">
     <span class='ocr_line' id='line_1_80' title="bbox 2182 717 2329 737; baseline 0.007 -2"><span class='ocrx_word' id='word_1_564' title='bbox 2182 717 2329 737; x_wconf 75' lang='lat' dir='ltr'>summatioms</span> 
     </span>
    </p>
   </div>
   <div class='ocr_carea' id='block_1_15' title="bbox 1200 735 2317 777">
    <p class='ocr_par' dir='ltr' id='par_1_22' title="bbox 1200 735 2317 777">
     <span class='ocr_line' id='line_1_81' title="bbox 1200 735 2317 777; baseline -0.001 -9"><span class='ocrx_word' id='word_1_565' title='bbox 1200 735 1431 769; x_wconf 89' lang='lat' dir='ltr'>commendavit</span> <span class='ocrx_word' id='word_1_566' title='bbox 1453 738 1673 777; x_wconf 86' lang='lat' dir='ltr'>paupertatem</span> <span class='ocrx_word' id='word_1_567' title='bbox 1706 744 1762 777; x_wconf 89' lang='lat' dir='ltr'>per</span> <span class='ocrx_word' id='word_1_568' title='bbox 1794 736 2017 777; x_wconf 85' lang='lat' dir='ltr'>perfectionem</span> <span class='ocrx_word' id='word_1_569' title='bbox 2044 736 2074 767; x_wconf 90' lang='lat' dir='ltr'>in</span> <span class='ocrx_word' id='word_1_570' title='bbox 2099 744 2164 768; x_wconf 84' lang='lat' dir='ltr'>ine-</span> <span class='ocrx_word' id='word_1_571' title='bbox 2185 743 2206 762; x_wconf 70' lang='lat' dir='ltr'>ir·</span> <span class='ocrx_word' id='word_1_572' title='bbox 2223 743 2317 768; x_wconf 67' lang='lat' dir='ltr'>praemio</span> 
     </span>
    </p>
   </div>
   <div class='ocr_carea' id='block_1_16' title="bbox 2198 772 2311 795">
    <p class='ocr_par' dir='ltr' id='par_1_23' title="bbox 2198 772 2311 795">
     <span class='ocr_line' id='line_1_82' title="bbox 2198 772 2311 795; baseline 0.009 -6"><span class='ocrx_word' id='word_1_573' title='bbox 2198 772 2311 795; x_wconf 69' lang='lat' dir='ltr'>paupertas</span> 
     </span>
    </p>
   </div>
   <div class='ocr_carea' id='block_1_17' title="bbox 1197 788 2320 1257">
    <p class='ocr_par' dir='ltr' id='par_1_24' title="bbox 1197 788 2320 1150">
     <span class='ocr_line' id='line_1_83' title="bbox 1201 788 2319 830; baseline -0.004 -9"><span class='ocrx_word' id='word_1_574' title='bbox 1201 789 1262 822; x_wconf 92' lang='lat' dir='ltr'>rito</span> <span class='ocrx_word' id='word_1_575' title='bbox 1284 792 1315 822; x_wconf 92' lang='lat' dir='ltr'>et</span> <span class='ocrx_word' id='word_1_576' title='bbox 1340 797 1396 830; x_wconf 90' lang='lat' dir='ltr'>per</span> <span class='ocrx_word' id='word_1_577' title='bbox 1420 788 1688 830; x_wconf 81' lang='lat' dir='ltr'>imperfectionem</span> <span class='ocrx_word' id='word_1_578' title='bbox 1705 788 1736 820; x_wconf 92' lang='lat' dir='ltr'>in</span> <span class='ocrx_word' id='word_1_579' title='bbox 1754 789 1932 827; x_wconf 78' lang='lat' dir='ltr'>contrario,</span> <span class='ocrx_word' id='word_1_580' title='bbox 1958 789 2008 821; x_wconf 85' lang='lat' dir='ltr'>hic</span> <span class='ocrx_word' id='word_1_581' title='bbox 2031 788 2123 821; x_wconf 81' lang='lat' dir='ltr'>tertio</span> <span class='ocrx_word' id='word_1_582' title='bbox 2137 789 2163 807; x_wconf 79' lang='lat'>¹0</span> <span class='ocrx_word' id='word_1_583' title='bbox 2186 796 2319 816; x_wconf 72' lang='lat' dir='ltr'>commenda-</span> 
     </span>
     <span class='ocr_line' id='line_1_84' title="bbox 1198 822 2320 884; baseline 0 -9"><span class='ocrx_word' id='word_1_584' title='bbox 1198 841 1489 878; x_wconf 74' lang='lat' dir='ltr'>commendabilem</span> <span class='ocrx_word' id='word_1_585' title='bbox 1521 851 1596 874; x_wconf 82' lang='lat' dir='ltr'>eam</span> <span class='ocrx_word' id='word_1_586' title='bbox 1624 842 1764 874; x_wconf 77' lang='lat' dir='ltr'>ostendit</span> <span class='ocrx_word' id='word_1_587' title='bbox 1789 847 1928 884; x_wconf 78' lang='lat' dir='ltr'>propter</span> <span class='ocrx_word' id='word_1_588' title='bbox 1953 822 2320 875; x_wconf 61' lang='lat' dir='ltr'>00n3u772ma-²⁰f&gt;1?0¹1¹?0²is“&#39;</span> 
     </span>
     <span class='ocr_line' id='line_1_85' title="bbox 1198 895 2163 937; baseline -0.001 -9"><span class='ocrx_word' id='word_1_589' title='bbox 1198 896 1317 929; x_wconf 77' lang='lat' dir='ltr'>tionem</span> <span class='ocrx_word' id='word_1_590' title='bbox 1342 896 1377 928; x_wconf 89' lang='lat' dir='ltr'>in</span> <span class='ocrx_word' id='word_1_591' title='bbox 1399 896 1562 937; x_wconf 83' lang='lat' dir='ltr'>praemio.</span> <span class='ocrx_word' id='word_1_592' title='bbox 1587 895 1676 928; x_wconf 85' lang='lat' dir='ltr'>Circa</span> <span class='ocrx_word' id='word_1_593' title='bbox 1700 895 1792 928; x_wconf 90' lang='lat' dir='ltr'>cuius</span> <span class='ocrx_word' id='word_1_594' title='bbox 1815 895 2057 936; x_wconf 87' lang='lat' dir='ltr'>descriptionem</span> <span class='ocrx_word' id='word_1_595' title='bbox 2091 905 2163 937; x_wconf 88' lang='lat' dir='ltr'>pro-</span> 
     </span>
     <span class='ocr_line' id='line_1_86' title="bbox 1198 948 2162 990; baseline -0.002 -8"><span class='ocrx_word' id='word_1_596' title='bbox 1198 949 1322 982; x_wconf 84' lang='lat' dir='ltr'>ceditur</span> <span class='ocrx_word' id='word_1_597' title='bbox 1346 949 1406 981; x_wconf 91' lang='lat' dir='ltr'>hoc</span> <span class='ocrx_word' id='word_1_598' title='bbox 1430 949 1549 981; x_wconf 88' lang='lat' dir='ltr'>ordine.</span> <span class='ocrx_word' id='word_1_599' title='bbox 1576 948 1791 981; x_wconf 82' lang='lat' dir='ltr'>introducitur</span> <span class='ocrx_word' id='word_1_600' title='bbox 1823 948 1905 981; x_wconf 89' lang='lat' dir='ltr'>enim</span> <span class='ocrx_word' id='word_1_601' title='bbox 1932 948 1982 981; x_wconf 88' lang='lat' dir='ltr'>hic</span> <span class='ocrx_word' id='word_1_602' title='bbox 2007 949 2162 990; x_wconf 64' lang='lat' dir='ltr'>perfectai¹</span> 
     </span>
     <span class='ocr_line' id='line_1_87' title="bbox 1200 1000 2160 1044; baseline -0.002 -9"><span class='ocrx_word' id='word_1_603' title='bbox 1200 1002 1396 1044; x_wconf 87' lang='lat' dir='ltr'>paupertatis</span> <span class='ocrx_word' id='word_1_604' title='bbox 1419 1001 1552 1034; x_wconf 89' lang='lat' dir='ltr'>altitudo</span> <span class='ocrx_word' id='word_1_605' title='bbox 1577 1005 1612 1034; x_wconf 87' lang='lat' dir='ltr'>ut</span> <span class='ocrx_word' id='word_1_606' title='bbox 1635 1000 1864 1034; x_wconf 72' lang='lat' dir='ltr'>authenticam</span> <span class='ocrx_word' id='word_1_607' title='bbox 1888 1010 1944 1042; x_wconf 89' lang='lat' dir='ltr'>per</span> <span class='ocrx_word' id='word_1_608' title='bbox 1959 1002 2160 1042; x_wconf 86' lang='lat' dir='ltr'>apostolicam</span> 
     </span>
     <span class='ocr_line' id='line_1_88' title="bbox 1197 1054 2160 1097; baseline -0.002 -9"><span class='ocrx_word' id='word_1_609' title='bbox 1197 1056 1430 1088; x_wconf 79' lang='lat' dir='ltr'>observantiam</span> <span class='ocrx_word' id='word_1_610' title='bbox 1442 1081 1449 1094; x_wconf 91' lang='lat'>‚</span> <span class='ocrx_word' id='word_1_611' title='bbox 1474 1058 1510 1087; x_wconf 93' lang='lat' dir='ltr'>ut</span> <span class='ocrx_word' id='word_1_612' title='bbox 1526 1054 1715 1097; x_wconf 77' lang='lat' dir='ltr'>approbata</span> <span class='ocrx_word' id='word_1_613' title='bbox 1732 1064 1788 1097; x_wconf 91' lang='lat' dir='ltr'>per</span> <span class='ocrx_word' id='word_1_614' title='bbox 1805 1054 1940 1087; x_wconf 87' lang='lat' dir='ltr'>divinam</span> <span class='ocrx_word' id='word_1_615' title='bbox 1959 1055 2160 1091; x_wconf 89' lang='lat' dir='ltr'>sententiam,</span> 
     </span>
     <span class='ocr_line' id='line_1_89' title="bbox 1200 1107 2159 1150; baseline -0.001 -9"><span class='ocrx_word' id='word_1_616' title='bbox 1200 1112 1235 1141; x_wconf 92' lang='lat' dir='ltr'>ut</span> <span class='ocrx_word' id='word_1_617' title='bbox 1250 1108 1448 1150; x_wconf 79' lang='lat' dir='ltr'>locupletata</span> <span class='ocrx_word' id='word_1_618' title='bbox 1464 1117 1521 1150; x_wconf 89' lang='lat' dir='ltr'>per</span> <span class='ocrx_word' id='word_1_619' title='bbox 1537 1108 1681 1150; x_wconf 83' lang='lat' dir='ltr'>gratiam,</span> <span class='ocrx_word' id='word_1_620' title='bbox 1695 1111 1730 1140; x_wconf 91' lang='lat' dir='ltr'>ut</span> <span class='ocrx_word' id='word_1_621' title='bbox 1743 1108 1936 1150; x_wconf 74' lang='lat' dir='ltr'>praemiata</span> <span class='ocrx_word' id='word_1_622' title='bbox 1950 1117 2006 1149; x_wconf 91' lang='lat' dir='ltr'>per</span> <span class='ocrx_word' id='word_1_623' title='bbox 2018 1107 2159 1149; x_wconf 83' lang='lat' dir='ltr'>gloriam.</span> 
     </span>
    </p>

    <p class='ocr_par' dir='ltr' id='par_1_25' title="bbox 1198 1160 2307 1257">
     <span class='ocr_line' id='line_1_90' title="bbox 1288 1160 2161 1204; baseline -0.002 -9"><span class='ocrx_word' id='word_1_624' title='bbox 1288 1163 1392 1195; x_wconf 89' lang='lat' dir='ltr'>Primo</span> <span class='ocrx_word' id='word_1_625' title='bbox 1416 1162 1513 1204; x_wconf 88' lang='lat' dir='ltr'>igitur</span> <span class='ocrx_word' id='word_1_626' title='bbox 1537 1166 1691 1204; x_wconf 89' lang='lat' dir='ltr'>quantum</span> <span class='ocrx_word' id='word_1_627' title='bbox 1716 1162 1754 1195; x_wconf 88' lang='lat' dir='ltr'>ad</span> <span class='ocrx_word' id='word_1_628' title='bbox 1779 1162 1973 1204; x_wconf 85' lang='lat' dir='ltr'>paupertatis</span> <span class='ocrx_word' id='word_1_629' title='bbox 1997 1160 2161 1194; x_wconf 80' lang='lat' dir='ltr'>authenti-</span> 
     </span>
     <span class='ocr_line' id='line_1_91' title="bbox 1198 1215 2307 1257; baseline -0.001 -9"><span class='ocrx_word' id='word_1_630' title='bbox 1198 1216 1361 1248; x_wconf 79' lang='lat' dir='ltr'>cationem</span> <span class='ocrx_word' id='word_1_631' title='bbox 1383 1225 1444 1257; x_wconf 81' lang='lat' dir='ltr'>per</span> <span class='ocrx_word' id='word_1_632' title='bbox 1468 1215 1686 1257; x_wconf 80' lang='lat' dir='ltr'>apostolicam</span> <span class='ocrx_word' id='word_1_633' title='bbox 1717 1215 1963 1247; x_wconf 75' lang='lat' dir='ltr'>observantiam</span> <span class='ocrx_word' id='word_1_634' title='bbox 1988 1215 2079 1247; x_wconf 85' lang='lat' dir='ltr'>dicit:</span> <span class='ocrx_word' id='word_1_635' title='bbox 2106 1215 2163 1247; x_wconf 82' lang='lat' dir='ltr'>Ait</span> <span class='ocrx_word' id='word_1_636' title='bbox 2190 1220 2267 1245; x_wconf 75' lang='lat' dir='ltr'>Primo.</span> <span class='ocrx_word' id='word_1_637' title='bbox 2283 1223 2307 1241; x_wconf 73' lang='lat' dir='ltr'>ut</span> 
     </span>
    </p>
   </div>
   <div class='ocr_carea' id='block_1_18' title="bbox 1199 1248 2321 1306">
    <p class='ocr_par' dir='ltr' id='par_1_26' title="bbox 1199 1248 2321 1306">
     <span class='ocr_line' id='line_1_92' title="bbox 1199 1248 2321 1306; baseline -0.001 -5"><span class='ocrx_word' id='word_1_638' title='bbox 1199 1273 1310 1301; x_wconf 83' lang='lat' dir='ltr'>autem</span> <span class='ocrx_word' id='word_1_639' title='bbox 1328 1269 1470 1301; x_wconf 80' lang='lat' dir='ltr'>Petrus:</span> <span class='ocrx_word' id='word_1_640' title='bbox 1493 1269 1588 1306; x_wconf 81' lang='lat' dir='ltr'>Eece,</span> <span class='ocrx_word' id='word_1_641' title='bbox 1606 1278 1666 1300; x_wconf 70' lang='lat' dir='ltr'>uos</span> <span class='ocrx_word' id='word_1_642' title='bbox 1682 1268 1874 1301; x_wconf 75' lang='lat' dir='ltr'>dimisimus</span> <span class='ocrx_word' id='word_1_643' title='bbox 1888 1269 1915 1287; x_wconf 87' lang='lat'>¹¹</span> <span class='ocrx_word' id='word_1_644' title='bbox 1940 1268 2053 1300; x_wconf 75' lang='lat' dir='ltr'>omnia</span> <span class='ocrx_word' id='word_1_645' title='bbox 2070 1272 2097 1300; x_wconf 90' lang='lat' dir='ltr'>et</span> <span class='ocrx_word' id='word_1_646' title='bbox 2115 1278 2163 1301; x_wconf 84' lang='lat' dir='ltr'>se·</span> <span class='ocrx_word' id='word_1_647' title='bbox 2173 1248 2321 1300; x_wconf 53' lang='grc' dir='ltr'>ἷὲιιζῗοιῖῗιῗ</span> 
     </span>
    </p>
   </div>
   <div class='ocr_carea' id='block_1_19' title="bbox 1197 1301 2314 2532">
    <p class='ocr_par' dir='ltr' id='par_1_27' title="bbox 1197 1301 2314 2532">
     <span class='ocr_line' id='line_1_93' title="bbox 1198 1301 2314 1363; baseline -0.001 -10"><span class='ocrx_word' id='word_1_648' title='bbox 1198 1321 1268 1353; x_wconf 87' lang='lat' dir='ltr'>euti</span> <span class='ocrx_word' id='word_1_649' title='bbox 1289 1330 1409 1353; x_wconf 82' lang='lat' dir='ltr'>sumus</span> <span class='ocrx_word' id='word_1_650' title='bbox 1433 1325 1469 1353; x_wconf 85' lang='lat' dir='ltr'>te.</span> <span class='ocrx_word' id='word_1_651' title='bbox 1496 1321 1556 1352; x_wconf 87' lang='lat' dir='ltr'>Hoc</span> <span class='ocrx_word' id='word_1_652' title='bbox 1580 1320 1655 1353; x_wconf 90' lang='lat' dir='ltr'>dicit</span> <span class='ocrx_word' id='word_1_653' title='bbox 1688 1321 1799 1353; x_wconf 85' lang='lat' dir='ltr'>Petrus</span> <span class='ocrx_word' id='word_1_654' title='bbox 1830 1324 1980 1362; x_wconf 80' lang='lat' dir='ltr'>tanquam</span> <span class='ocrx_word' id='word_1_655' title='bbox 2013 1320 2160 1363; x_wconf 72' lang='lat' dir='ltr'>princeps</span> <span class='ocrx_word' id='word_1_656' title='bbox 2180 1301 2314 1348; x_wconf 45' lang='lat'>2233?</span> 
     </span>
     <span class='ocr_line' id='line_1_94' title="bbox 1197 1373 2161 1416; baseline -0.001 -10"><span class='ocrx_word' id='word_1_657' title='bbox 1197 1374 1436 1416; x_wconf 86' lang='lat' dir='ltr'>Apostolorum,</span> <span class='ocrx_word' id='word_1_658' title='bbox 1460 1382 1557 1415; x_wconf 91' lang='lat' dir='ltr'>super</span> <span class='ocrx_word' id='word_1_659' title='bbox 1581 1382 1675 1415; x_wconf 88' lang='lat' dir='ltr'>quem</span> <span class='ocrx_word' id='word_1_660' title='bbox 1700 1373 1910 1406; x_wconf 84' lang='lat' dir='ltr'>ecclesiastica</span> <span class='ocrx_word' id='word_1_661' title='bbox 1933 1373 2083 1415; x_wconf 82' lang='lat' dir='ltr'>perfectio</span> <span class='ocrx_word' id='word_1_662' title='bbox 2114 1378 2161 1406; x_wconf 90' lang='lat' dir='ltr'>est</span> 
     </span>
     <span class='ocr_line' id='line_1_95' title="bbox 1198 1426 2160 1470; baseline -0.002 -9"><span class='ocrx_word' id='word_1_663' title='bbox 1198 1427 1468 1470; x_wconf 84' lang='lat' dir='ltr'>superaedificata,</span> <span class='ocrx_word' id='word_1_664' title='bbox 1482 1427 1656 1459; x_wconf 89' lang='lat' dir='ltr'>secundum</span> <span class='ocrx_word' id='word_1_665' title='bbox 1670 1426 1747 1459; x_wconf 90' lang='lat' dir='ltr'>iilud</span> <span class='ocrx_word' id='word_1_666' title='bbox 1761 1427 1906 1459; x_wconf 87' lang='lat' dir='ltr'>Matthaei</span> <span class='ocrx_word' id='word_1_667' title='bbox 1920 1426 2040 1459; x_wconf 90' lang='lat' dir='ltr'>decimo</span> <span class='ocrx_word' id='word_1_668' title='bbox 2053 1430 2160 1460; x_wconf 76' lang='lat' dir='ltr'>sexto:</span> 
     </span>
     <span class='ocr_line' id='line_1_96' title="bbox 1205 1478 2159 1521; baseline 0.001 -11"><span class='ocrx_word' id='word_1_669' title='bbox 1205 1494 1220 1510; x_wconf 83' lang='lat'>«</span> <span class='ocrx_word' id='word_1_670' title='bbox 1236 1481 1284 1513; x_wconf 90' lang='lat' dir='ltr'>Tu</span> <span class='ocrx_word' id='word_1_671' title='bbox 1308 1489 1342 1513; x_wconf 92' lang='lat' dir='ltr'>es</span> <span class='ocrx_word' id='word_1_672' title='bbox 1364 1480 1476 1512; x_wconf 91' lang='lat' dir='ltr'>Petrus</span> <span class='ocrx_word' id='word_1_673' title='bbox 1487 1505 1494 1519; x_wconf 90' lang='lat'>,</span> <span class='ocrx_word' id='word_1_674' title='bbox 1519 1482 1550 1512; x_wconf 86' lang='lat' dir='ltr'>et</span> <span class='ocrx_word' id='word_1_675' title='bbox 1566 1488 1662 1521; x_wconf 89' lang='lat' dir='ltr'>super</span> <span class='ocrx_word' id='word_1_676' title='bbox 1679 1479 1760 1511; x_wconf 87' lang='lat' dir='ltr'>hanc</span> <span class='ocrx_word' id='word_1_677' title='bbox 1777 1482 1898 1521; x_wconf 89' lang='lat' dir='ltr'>petram</span> <span class='ocrx_word' id='word_1_678' title='bbox 1916 1478 2087 1511; x_wconf 84' lang='lat' dir='ltr'>aedificabo</span> <span class='ocrx_word' id='word_1_679' title='bbox 2104 1478 2159 1511; x_wconf 86' lang='lat' dir='ltr'>Ec-</span> 
     </span>
     <span class='ocr_line' id='line_1_97' title="bbox 1199 1531 2161 1566; baseline -0.003 0"><span class='ocrx_word' id='word_1_680' title='bbox 1199 1533 1324 1566; x_wconf 90' lang='lat' dir='ltr'>clesiam</span> <span class='ocrx_word' id='word_1_681' title='bbox 1350 1542 1451 1566; x_wconf 90' lang='lat' dir='ltr'>meam</span> <span class='ocrx_word' id='word_1_682' title='bbox 1469 1546 1499 1565; x_wconf 71' lang='lat'>1».</span> <span class='ocrx_word' id='word_1_683' title='bbox 1524 1532 1605 1566; x_wconf 91' lang='lat' dir='ltr'>Dicit</span> <span class='ocrx_word' id='word_1_684' title='bbox 1628 1535 1734 1565; x_wconf 81' lang='lat' dir='ltr'>autem</span> <span class='ocrx_word' id='word_1_685' title='bbox 1759 1532 1818 1565; x_wconf 86' lang='lat' dir='ltr'>hoc</span> <span class='ocrx_word' id='word_1_686' title='bbox 1842 1541 1903 1564; x_wconf 89' lang='lat' dir='ltr'>non</span> <span class='ocrx_word' id='word_1_687' title='bbox 1926 1531 1964 1564; x_wconf 91' lang='lat' dir='ltr'>ad</span> <span class='ocrx_word' id='word_1_688' title='bbox 1981 1531 2161 1564; x_wconf 89' lang='lat' dir='ltr'>ostentatio-</span> 
     </span>
     <span class='ocr_line' id='line_1_98' title="bbox 1199 1584 2161 1625; baseline -0.001 -7"><span class='ocrx_word' id='word_1_689' title='bbox 1199 1595 1289 1625; x_wconf 89' lang='lat' dir='ltr'>nem,</span> <span class='ocrx_word' id='word_1_690' title='bbox 1314 1586 1368 1619; x_wconf 90' lang='lat' dir='ltr'>sed</span> <span class='ocrx_word' id='word_1_691' title='bbox 1392 1585 1431 1618; x_wconf 86' lang='lat' dir='ltr'>ad</span> <span class='ocrx_word' id='word_1_692' title='bbox 1454 1585 1612 1618; x_wconf 87' lang='lat' dir='ltr'>sciendam</span> <span class='ocrx_word' id='word_1_693' title='bbox 1636 1585 1901 1618; x_wconf 89' lang='lat' dir='ltr'>remunerationis</span> <span class='ocrx_word' id='word_1_694' title='bbox 1916 1584 2161 1621; x_wconf 78' lang='lat' dir='ltr'>sublimitatem:</span> 
     </span>
     <span class='ocr_line' id='line_1_99' title="bbox 1200 1638 2165 1680; baseline -0.001 -8"><span class='ocrx_word' id='word_1_695' title='bbox 1200 1639 1284 1672; x_wconf 89' lang='lat' dir='ltr'>unde</span> <span class='ocrx_word' id='word_1_696' title='bbox 1315 1639 1461 1673; x_wconf 88' lang='lat' dir='ltr'>Matthaei</span> <span class='ocrx_word' id='word_1_697' title='bbox 1485 1639 1606 1672; x_wconf 88' lang='lat' dir='ltr'>decimo</span> <span class='ocrx_word' id='word_1_698' title='bbox 1631 1639 1771 1672; x_wconf 75' lang='lat' dir='ltr'>nono¹2z</span> <span class='ocrx_word' id='word_1_699' title='bbox 1800 1652 1816 1667; x_wconf 81' lang='lat' dir='ltr'>&lt;x</span> <span class='ocrx_word' id='word_1_700' title='bbox 1835 1639 1929 1677; x_wconf 87' lang='lat' dir='ltr'>Ecce,</span> <span class='ocrx_word' id='word_1_701' title='bbox 1953 1647 2010 1671; x_wconf 88' lang='lat' dir='ltr'>nos</span> <span class='ocrx_word' id='word_1_702' title='bbox 2034 1638 2165 1680; x_wconf 89' lang='lat' dir='ltr'>reliqui—</span> 
     </span>
     <span class='ocr_line' id='line_1_100' title="bbox 1200 1689 2165 1734; baseline -0.002 -8"><span class='ocrx_word' id='word_1_703' title='bbox 1200 1689 1273 1726; x_wconf 88' lang='lat' dir='ltr'>mus</span> <span class='ocrx_word' id='word_1_704' title='bbox 1296 1693 1403 1726; x_wconf 89' lang='lat' dir='ltr'>omnia</span> <span class='ocrx_word' id='word_1_705' title='bbox 1426 1696 1457 1725; x_wconf 91' lang='lat' dir='ltr'>et</span> <span class='ocrx_word' id='word_1_706' title='bbox 1481 1692 1579 1725; x_wconf 85' lang='lat' dir='ltr'>secuti</span> <span class='ocrx_word' id='word_1_707' title='bbox 1605 1701 1717 1725; x_wconf 88' lang='lat' dir='ltr'>sumus</span> <span class='ocrx_word' id='word_1_708' title='bbox 1742 1695 1792 1731; x_wconf 90' lang='lat' dir='ltr'>te;</span> <span class='ocrx_word' id='word_1_709' title='bbox 1818 1692 1894 1734; x_wconf 88' lang='lat' dir='ltr'>quid</span> <span class='ocrx_word' id='word_1_710' title='bbox 1918 1701 1994 1734; x_wconf 90' lang='lat' dir='ltr'>ergo</span> <span class='ocrx_word' id='word_1_711' title='bbox 2018 1692 2079 1724; x_wconf 90' lang='lat' dir='ltr'>erit</span> <span class='ocrx_word' id='word_1_712' title='bbox 2110 1701 2165 1724; x_wconf 87' lang='lat' dir='ltr'>no-</span> 
     </span>
     <span class='ocr_line' id='line_1_101' title="bbox 1199 1744 2165 1786; baseline -0.003 -7"><span class='ocrx_word' id='word_1_713' title='bbox 1199 1746 1248 1779; x_wconf 91' lang='lat' dir='ltr'>bis</span> <span class='ocrx_word' id='word_1_714' title='bbox 1263 1760 1280 1775; x_wconf 83' lang='lat'>»</span> <span class='ocrx_word' id='word_1_715' title='bbox 1308 1750 1368 1779; x_wconf 89' lang='lat' dir='ltr'>etc.</span> <span class='ocrx_word' id='word_1_716' title='bbox 1398 1747 1460 1779; x_wconf 90' lang='lat' dir='ltr'>Hoc</span> <span class='ocrx_word' id='word_1_717' title='bbox 1483 1746 1577 1779; x_wconf 83' lang='lat' dir='ltr'>etiam</span> <span class='ocrx_word' id='word_1_718' title='bbox 1600 1745 1675 1778; x_wconf 88' lang='lat' dir='ltr'>dicit</span> <span class='ocrx_word' id='word_1_719' title='bbox 1700 1746 1828 1784; x_wconf 88' lang='lat' dir='ltr'>Petrus,</span> <span class='ocrx_word' id='word_1_720' title='bbox 1854 1749 1889 1778; x_wconf 90' lang='lat' dir='ltr'>ut</span> <span class='ocrx_word' id='word_1_721' title='bbox 1913 1744 2055 1778; x_wconf 85' lang='lat' dir='ltr'>ostendat</span> <span class='ocrx_word' id='word_1_722' title='bbox 2088 1753 2165 1786; x_wconf 81' lang='lat' dir='ltr'>pau-</span> 
     </span>
     <span class='ocr_line' id='line_1_102' title="bbox 1199 1797 2164 1843; baseline -0.003 -10"><span class='ocrx_word' id='word_1_723' title='bbox 1199 1800 1332 1843; x_wconf 89' lang='lat' dir='ltr'>pertatis</span> <span class='ocrx_word' id='word_1_724' title='bbox 1362 1800 1528 1833; x_wconf 88' lang='lat' dir='ltr'>consilinm</span> <span class='ocrx_word' id='word_1_725' title='bbox 1553 1808 1610 1842; x_wconf 92' lang='lat' dir='ltr'>per</span> <span class='ocrx_word' id='word_1_726' title='bbox 1634 1799 1796 1841; x_wconf 85' lang='lat' dir='ltr'>Apostolos</span> <span class='ocrx_word' id='word_1_727' title='bbox 1819 1798 2048 1841; x_wconf 88' lang='lat' dir='ltr'>adimpletum;</span> <span class='ocrx_word' id='word_1_728' title='bbox 2081 1797 2164 1830; x_wconf 86' lang='lat' dir='ltr'>unde</span> 
     </span>
     <span class='ocr_line' id='line_1_103' title="bbox 1201 1851 2164 1895; baseline -0.003 -9"><span class='ocrx_word' id='word_1_729' title='bbox 1201 1853 1466 1895; x_wconf 57' lang='lat' dir='ltr'>Hieronymus‘ffi:</span> <span class='ocrx_word' id='word_1_730' title='bbox 1486 1866 1501 1881; x_wconf 71' lang='lat' dir='ltr'>a</span> <span class='ocrx_word' id='word_1_731' title='bbox 1513 1852 1646 1885; x_wconf 90' lang='lat' dir='ltr'>Grandis</span> <span class='ocrx_word' id='word_1_732' title='bbox 1659 1852 1790 1885; x_wconf 85' lang='lat' dir='ltr'>fiducia:</span> <span class='ocrx_word' id='word_1_733' title='bbox 1805 1852 1917 1885; x_wconf 89' lang='lat' dir='ltr'>Petrus</span> <span class='ocrx_word' id='word_1_734' title='bbox 1930 1851 2066 1894; x_wconf 84' lang='lat' dir='ltr'>piscator</span> <span class='ocrx_word' id='word_1_735' title='bbox 2078 1855 2164 1888; x_wconf 82' lang='lat' dir='ltr'>erat,</span> 
     </span>
     <span class='ocr_line' id='line_1_104' title="bbox 1198 1905 2164 1947; baseline -0.003 -7"><span class='ocrx_word' id='word_1_736' title='bbox 1198 1907 1286 1941; x_wconf 91' lang='lat' dir='ltr'>dives</span> <span class='ocrx_word' id='word_1_737' title='bbox 1303 1917 1364 1940; x_wconf 91' lang='lat' dir='ltr'>non</span> <span class='ocrx_word' id='word_1_738' title='bbox 1382 1907 1503 1945; x_wconf 90' lang='lat' dir='ltr'>fuerat,</span> <span class='ocrx_word' id='word_1_739' title='bbox 1520 1906 1607 1939; x_wconf 89' lang='lat' dir='ltr'>cibos</span> <span class='ocrx_word' id='word_1_740' title='bbox 1623 1915 1719 1938; x_wconf 86' lang='lat' dir='ltr'>manu</span> <span class='ocrx_word' id='word_1_741' title='bbox 1735 1909 1767 1939; x_wconf 92' lang='lat' dir='ltr'>et</span> <span class='ocrx_word' id='word_1_742' title='bbox 1783 1909 1851 1938; x_wconf 88' lang='lat' dir='ltr'>arte</span> <span class='ocrx_word' id='word_1_743' title='bbox 1867 1905 2054 1947; x_wconf 88' lang='lat' dir='ltr'>quaerebat;</span> <span class='ocrx_word' id='word_1_744' title='bbox 2072 1908 2103 1937; x_wconf 87' lang='lat' dir='ltr'>et</span> <span class='ocrx_word' id='word_1_745' title='bbox 2120 1908 2164 1937; x_wconf 86' lang='lat' dir='ltr'>ta-</span> 
     </span>
     <span class='ocr_line' id='line_1_105' title="bbox 1200 1957 2162 2001; baseline -0.004 -8"><span class='ocrx_word' id='word_1_746' title='bbox 1200 1969 1272 1993; x_wconf 87' lang='lat' dir='ltr'>men</span> <span class='ocrx_word' id='word_1_747' title='bbox 1285 1959 1481 1993; x_wconf 82' lang='lat' dir='ltr'>confidenter</span> <span class='ocrx_word' id='word_1_748' title='bbox 1494 1959 1636 2001; x_wconf 87' lang='lat' dir='ltr'>loquitur</span> <span class='ocrx_word' id='word_1_749' title='bbox 1649 1959 1770 1991; x_wconf 90' lang='lat' dir='ltr'>dicens:</span> <span class='ocrx_word' id='word_1_750' title='bbox 1791 1958 1988 1991; x_wconf 78' lang='lat' dir='ltr'>Dimisimus</span> <span class='ocrx_word' id='word_1_751' title='bbox 2005 1957 2118 1990; x_wconf 81' lang='lat' dir='ltr'>omnia</span> <span class='ocrx_word' id='word_1_752' title='bbox 2132 1971 2162 1989; x_wconf 71' lang='lat' dir='ltr'>n.</span> 
     </span>
     <span class='ocr_line' id='line_1_106' title="bbox 1199 2010 2163 2054; baseline -0.004 -8"><span class='ocrx_word' id='word_1_753' title='bbox 1199 2014 1236 2046; x_wconf 89' lang='lat' dir='ltr'>Et</span> <span class='ocrx_word' id='word_1_754' title='bbox 1270 2013 1423 2046; x_wconf 88' lang='lat' dir='ltr'>rationem</span> <span class='ocrx_word' id='word_1_755' title='bbox 1459 2012 1556 2045; x_wconf 88' lang='lat' dir='ltr'>huius</span> <span class='ocrx_word' id='word_1_756' title='bbox 1592 2012 1694 2045; x_wconf 89' lang='lat' dir='ltr'>reddit</span> <span class='ocrx_word' id='word_1_757' title='bbox 1717 2011 1888 2054; x_wconf 87' lang='lat' dir='ltr'>Gregorius</span> <span class='ocrx_word' id='word_1_758' title='bbox 1919 2011 2025 2044; x_wconf 87' lang='lat' dir='ltr'>dicens</span> <span class='ocrx_word' id='word_1_759' title='bbox 2057 2010 2163 2043; x_wconf 64' lang='lat' dir='ltr'>sicu:</span> 
     </span>
     <span class='ocr_line' id='line_1_107' title="bbox 1204 2059 2164 2108; baseline -0.003 -9"><span class='ocrx_word' id='word_1_760' title='bbox 1204 2079 1220 2095; x_wconf 73' lang='grc' dir='ltr'><em>α</em></span> <span class='ocrx_word' id='word_1_761' title='bbox 1237 2067 1335 2099; x_wconf 90' lang='lat' dir='ltr'>Tanta</span> <span class='ocrx_word' id='word_1_762' title='bbox 1358 2066 1477 2108; x_wconf 90' lang='lat' dir='ltr'>quippe</span> <span class='ocrx_word' id='word_1_763' title='bbox 1500 2075 1519 2098; x_wconf 87' lang='lat' dir='ltr'>a</span> <span class='ocrx_word' id='word_1_764' title='bbox 1541 2065 1748 2107; x_wconf 82' lang='lat' dir='ltr'>sequentibus</span> <span class='ocrx_word' id='word_1_765' title='bbox 1771 2065 1899 2097; x_wconf 88' lang='lat' dir='ltr'>dimissa</span> <span class='ocrx_word' id='word_1_766' title='bbox 1923 2068 2014 2103; x_wconf 84' lang='lat' dir='ltr'>sunt,</span> <span class='ocrx_word' id='word_1_767' title='bbox 2042 2059 2164 2106; x_wconf 70' lang='lat' dir='ltr'>&#39;quanm</span> 
     </span>
     <span class='ocr_line' id='line_1_108' title="bbox 1199 2116 2162 2160; baseline -0.004 -8"><span class='ocrx_word' id='word_1_768' title='bbox 1199 2129 1218 2152; x_wconf 87' lang='lat' dir='ltr'>a</span> <span class='ocrx_word' id='word_1_769' title='bbox 1241 2129 1302 2151; x_wconf 92' lang='lat' dir='ltr'>non</span> <span class='ocrx_word' id='word_1_770' title='bbox 1328 2118 1535 2160; x_wconf 88' lang='lat' dir='ltr'>sequentibus</span> <span class='ocrx_word' id='word_1_771' title='bbox 1559 2117 1737 2159; x_wconf 86' lang='lat' dir='ltr'>concupisci</span> <span class='ocrx_word' id='word_1_772' title='bbox 1763 2120 1983 2159; x_wconf 76' lang='lat' dir='ltr'>potuerunt».</span> <span class='ocrx_word' id='word_1_773' title='bbox 2010 2116 2162 2158; x_wconf 85' lang='lat' dir='ltr'>Quoniam</span> 
     </span>
     <span class='ocr_line' id='line_1_109' title="bbox 1199 2170 2160 2215; baseline -0.003 -10"><span class='ocrx_word' id='word_1_774' title='bbox 1199 2182 1275 2215; x_wconf 90' lang='lat' dir='ltr'>ergo</span> <span class='ocrx_word' id='word_1_775' title='bbox 1305 2172 1410 2205; x_wconf 90' lang='lat' dir='ltr'>omnia</span> <span class='ocrx_word' id='word_1_776' title='bbox 1440 2174 1586 2213; x_wconf 87' lang='lat' dir='ltr'>poterant</span> <span class='ocrx_word' id='word_1_777' title='bbox 1611 2171 1812 2212; x_wconf 86' lang='lat' dir='ltr'>concupisci;</span> <span class='ocrx_word' id='word_1_778' title='bbox 1837 2179 1911 2203; x_wconf 91' lang='lat' dir='ltr'>cum</span> <span class='ocrx_word' id='word_1_779' title='bbox 1936 2170 2160 2212; x_wconf 88' lang='lat' dir='ltr'>concupiscen-</span> 
     </span>
     <span class='ocr_line' id='line_1_110' title="bbox 1199 2222 2163 2264; baseline -0.005 -5"><span class='ocrx_word' id='word_1_780' title='bbox 1199 2226 1273 2259; x_wconf 91' lang='lat' dir='ltr'>tiam</span> <span class='ocrx_word' id='word_1_781' title='bbox 1297 2225 1502 2264; x_wconf 86' lang='lat' dir='ltr'>dimiserunt,</span> <span class='ocrx_word' id='word_1_782' title='bbox 1527 2224 1633 2257; x_wconf 82' lang='lat' dir='ltr'>omnia</span> <span class='ocrx_word' id='word_1_783' title='bbox 1653 2224 1851 2256; x_wconf 86' lang='lat' dir='ltr'>dimiserunt.</span> <span class='ocrx_word' id='word_1_784' title='bbox 1885 2223 1946 2256; x_wconf 86' lang='lat' dir='ltr'>Hoc-</span> <span class='ocrx_word' id='word_1_785' title='bbox 1970 2223 2063 2255; x_wconf 85' lang='lat' dir='ltr'>etiam</span> <span class='ocrx_word' id='word_1_786' title='bbox 2089 2222 2163 2255; x_wconf 84' lang='lat' dir='ltr'>dicit</span> 
     </span>
     <span class='ocr_line' id='line_1_111' title="bbox 1199 2275 2162 2317; baseline -0.005 -5"><span class='ocrx_word' id='word_1_787' title='bbox 1199 2280 1327 2317; x_wconf 87' lang='lat' dir='ltr'>Petrus,</span> <span class='ocrx_word' id='word_1_788' title='bbox 1352 2288 1415 2311; x_wconf 91' lang='lat' dir='ltr'>non</span> <span class='ocrx_word' id='word_1_789' title='bbox 1439 2278 1592 2310; x_wconf 81' lang='lat' dir='ltr'>iactanter</span> <span class='ocrx_word' id='word_1_790' title='bbox 1615 2277 1653 2309; x_wconf 91' lang='lat' dir='ltr'>ad</span> <span class='ocrx_word' id='word_1_791' title='bbox 1677 2276 1937 2314; x_wconf 87' lang='lat' dir='ltr'>ostentationem,</span> <span class='ocrx_word' id='word_1_792' title='bbox 1962 2276 2015 2308; x_wconf 89' lang='lat' dir='ltr'>sed</span> <span class='ocrx_word' id='word_1_793' title='bbox 2039 2275 2162 2317; x_wconf 88' lang='lat' dir='ltr'>sapien-</span> 
     </span>
     <span class='ocr_line' id='line_1_112' title="bbox 1199 2328 2161 2371; baseline -0.005 -6"><span class='ocrx_word' id='word_1_794' title='bbox 1199 2335 1265 2371; x_wconf 89' lang='lat' dir='ltr'>ter,</span> <span class='ocrx_word' id='word_1_795' title='bbox 1281 2335 1318 2365; x_wconf 90' lang='lat' dir='ltr'>ut</span> <span class='ocrx_word' id='word_1_796' title='bbox 1333 2331 1410 2364; x_wconf 90' lang='lat' dir='ltr'>aiios</span> <span class='ocrx_word' id='word_1_797' title='bbox 1427 2331 1536 2364; x_wconf 88' lang='lat' dir='ltr'>invitet</span> <span class='ocrx_word' id='word_1_798' title='bbox 1552 2330 1590 2363; x_wconf 87' lang='lat' dir='ltr'>ad</span> <span class='ocrx_word' id='word_1_799' title='bbox 1607 2329 1822 2362; x_wconf 83' lang='lat' dir='ltr'>imitationem.</span> <span class='ocrx_word' id='word_1_800' title='bbox 1839 2329 1926 2362; x_wconf 90' lang='lat' dir='ltr'>Unde</span> <span class='ocrx_word' id='word_1_801' title='bbox 1943 2328 2121 2361; x_wconf 86' lang='lat' dir='ltr'>Bernardus</span> <span class='ocrx_word' id='word_1_802' title='bbox 2136 2329 2161 2347; x_wconf 81' lang='lat'>¹⁵</span> 
     </span>
     <span class='ocr_line' id='line_1_113' title="bbox 1199 2382 2160 2428; baseline -0.006 -9"><span class='ocrx_word' id='word_1_803' title='bbox 1199 2394 1295 2428; x_wconf 89' lang='lat' dir='ltr'>super</span> <span class='ocrx_word' id='word_1_804' title='bbox 1328 2385 1387 2417; x_wconf 89' lang='lat' dir='ltr'>hoc</span> <span class='ocrx_word' id='word_1_805' title='bbox 1419 2384 1570 2417; x_wconf 86' lang='lat' dir='ltr'>verbum:</span> <span class='ocrx_word' id='word_1_806' title='bbox 1595 2393 1683 2422; x_wconf 85' lang='lat' dir='ltr'>eece,</span> <span class='ocrx_word' id='word_1_807' title='bbox 1707 2392 1768 2415; x_wconf 74' lang='lat' dir='ltr'>nos</span> <span class='ocrx_word' id='word_1_808' title='bbox 1798 2382 1994 2426; x_wconf 79' lang='lat' dir='ltr'>reliquimus</span> <span class='ocrx_word' id='word_1_809' title='bbox 2025 2382 2160 2414; x_wconf 80' lang='lat' dir='ltr'>omnia:</span> 
     </span>
     <span class='ocr_line' id='line_1_114' title="bbox 1204 2435 2162 2478; baseline -0.006 -6"><span class='ocrx_word' id='word_1_810' title='bbox 1204 2452 1219 2468; x_wconf 83' lang='lat'>«</span> <span class='ocrx_word' id='word_1_811' title='bbox 1235 2439 1331 2477; x_wconf 89' lang='lat' dir='ltr'>Bene,</span> <span class='ocrx_word' id='word_1_812' title='bbox 1349 2439 1456 2477; x_wconf 86' lang='lat' dir='ltr'>Petre,</span> <span class='ocrx_word' id='word_1_813' title='bbox 1473 2441 1505 2470; x_wconf 91' lang='lat' dir='ltr'>et</span> <span class='ocrx_word' id='word_1_814' title='bbox 1520 2446 1582 2470; x_wconf 91' lang='lat' dir='ltr'>non</span> <span class='ocrx_word' id='word_1_815' title='bbox 1599 2436 1637 2469; x_wconf 81' lang='lat' dir='ltr'>ad</span> <span class='ocrx_word' id='word_1_816' title='bbox 1655 2436 1865 2478; x_wconf 87' lang='lat' dir='ltr'>insipientiam</span> <span class='ocrx_word' id='word_1_817' title='bbox 1884 2435 1956 2474; x_wconf 88' lang='lat' dir='ltr'>tibi,</span> <span class='ocrx_word' id='word_1_818' title='bbox 1974 2435 2049 2477; x_wconf 85' lang='lat' dir='ltr'>quia</span> <span class='ocrx_word' id='word_1_819' title='bbox 2065 2444 2162 2467; x_wconf 81' lang='lat' dir='ltr'>mun-</span> 
     </span>
     <span class='ocr_line' id='line_1_115' title="bbox 1198 2488 2162 2532; baseline -0.005 -7"><span class='ocrx_word' id='word_1_820' title='bbox 1198 2493 1263 2525; x_wconf 80' lang='lat' dir='ltr'>dus</span> <span class='ocrx_word' id='word_1_821' title='bbox 1295 2491 1419 2525; x_wconf 73' lang='lat' dir='ltr'>transit</span> <span class='ocrx_word' id='word_1_822' title='bbox 1449 2494 1479 2523; x_wconf 85' lang='lat' dir='ltr'>et</span> <span class='ocrx_word' id='word_1_823' title='bbox 1509 2489 1776 2532; x_wconf 78' lang='lat' dir='ltr'>eoncupiscentia</span> <span class='ocrx_word' id='word_1_824' title='bbox 1807 2489 1898 2527; x_wconf 62' lang='lat' dir='ltr'>eim,</span> <span class='ocrx_word' id='word_1_825' title='bbox 1927 2492 1958 2521; x_wconf 88' lang='lat' dir='ltr'>et</span> <span class='ocrx_word' id='word_1_826' title='bbox 1982 2488 2162 2530; x_wconf 77' lang='lat' dir='ltr'>relinquor(¹</span> 
     </span>
    </p>
   </div>
   <div class='ocr_carea' id='block_1_20' title="bbox 1200 2542 1777 2588">
    <p class='ocr_par' dir='ltr' id='par_1_28' title="bbox 1200 2542 1777 2588">
     <span class='ocr_line' id='line_1_116' title="bbox 1200 2542 1777 2588; baseline -0.005 -10"><span class='ocrx_word' id='word_1_827' title='bbox 1200 2546 1298 2588; x_wconf 89' lang='lat' dir='ltr'>magis</span> <span class='ocrx_word' id='word_1_828' title='bbox 1321 2545 1449 2587; x_wconf 87' lang='lat' dir='ltr'>expedit</span> <span class='ocrx_word' id='word_1_829' title='bbox 1473 2553 1568 2586; x_wconf 88' lang='lat' dir='ltr'>quam</span> <span class='ocrx_word' id='word_1_830' title='bbox 1592 2542 1728 2585; x_wconf 86' lang='lat' dir='ltr'>relinqui</span> <span class='ocrx_word' id='word_1_831' title='bbox 1747 2557 1777 2575; x_wconf 67' lang='lat' dir='ltr'>u.</span> 
     </span>
    </p>
   </div>
   <div class='ocr_carea' id='block_1_21' title="bbox 1198 2726 2163 3460">
    <p class='ocr_par' dir='ltr' id='par_1_29' title="bbox 1269 2726 1524 2756">
     <span class='ocr_line' id='line_1_117' title="bbox 1269 2726 1524 2756; baseline -0.008 -3"><span class='ocrx_word' id='word_1_832' title='bbox 1269 2726 1280 2741; x_wconf 79' lang='lat'>⁸</span> <span class='ocrx_word' id='word_1_833' title='bbox 1299 2729 1394 2753; x_wconf 82' lang='lat' dir='ltr'>Psalin.</span> <span class='ocrx_word' id='word_1_834' title='bbox 1413 2727 1461 2756; x_wconf 83' lang='grc'>76,</span> <span class='ocrx_word' id='word_1_835' title='bbox 1484 2728 1524 2751; x_wconf 84' lang='grc'>11.</span> 
     </span>
    </p>

    <p class='ocr_par' dir='ltr' id='par_1_30' title="bbox 1269 2768 1770 2799">
     <span class='ocr_line' id='line_1_118' title="bbox 1269 2768 1770 2799; baseline -0.006 -2"><span class='ocrx_word' id='word_1_836' title='bbox 1269 2771 1280 2786; x_wconf 77' lang='lat'>⁹</span> <span class='ocrx_word' id='word_1_837' title='bbox 1300 2773 1373 2797; x_wconf 78' lang='lat' dir='ltr'>Vers.</span> <span class='ocrx_word' id='word_1_838' title='bbox 1395 2772 1420 2796; x_wconf 84' lang='lat'>8.</span> <span class='ocrx_word' id='word_1_839' title='bbox 1440 2774 1465 2796; x_wconf 82' lang='lat' dir='ltr'>et</span> <span class='ocrx_word' id='word_1_840' title='bbox 1484 2770 1580 2796; x_wconf 84' lang='lat' dir='ltr'>deiude</span> <span class='ocrx_word' id='word_1_841' title='bbox 1599 2770 1662 2795; x_wconf 85' lang='lat' dir='ltr'>Luc.</span> <span class='ocrx_word' id='word_1_842' title='bbox 1685 2770 1707 2799; x_wconf 86' lang='lat' dir='ltr'>i,</span> <span class='ocrx_word' id='word_1_843' title='bbox 1728 2768 1770 2794; x_wconf 77' lang='lat'>37.</span> 
     </span>
    </p>

    <p class='ocr_par' dir='ltr' id='par_1_31' title="bbox 1199 2810 2161 2888">
     <span class='ocr_line' id='line_1_119' title="bbox 1270 2810 2161 2846; baseline -0.003 -6"><span class='ocrx_word' id='word_1_844' title='bbox 1270 2814 1292 2829; x_wconf 88' lang='lat'>¹⁰</span> <span class='ocrx_word' id='word_1_845' title='bbox 1311 2814 1360 2841; x_wconf 87' lang='lat' dir='ltr'>Csr.</span> <span class='ocrx_word' id='word_1_846' title='bbox 1381 2821 1461 2846; x_wconf 76' lang='lat' dir='ltr'>supra</span> <span class='ocrx_word' id='word_1_847' title='bbox 1480 2820 1506 2839; x_wconf 88' lang='lat' dir='ltr'>u.</span> <span class='ocrx_word' id='word_1_848' title='bbox 1526 2812 1569 2838; x_wconf 63' lang='lat'>34.</span> <span class='ocrx_word' id='word_1_849' title='bbox 1585 2825 1620 2831; x_wconf 98' lang='lat'><strong>—</strong></span> <span class='ocrx_word' id='word_1_850' title='bbox 1634 2812 1741 2838; x_wconf 81' lang='lat' dir='ltr'>inferius</span> <span class='ocrx_word' id='word_1_851' title='bbox 1755 2819 1803 2843; x_wconf 90' lang='lat' dir='ltr'>pro</span> <span class='ocrx_word' id='word_1_852' title='bbox 1817 2810 2004 2838; x_wconf 75' lang='lat' dir='ltr'>Introducitur</span> <span class='ocrx_word' id='word_1_853' title='bbox 2019 2810 2090 2837; x_wconf 77' lang='lat' dir='ltr'>euim</span> <span class='ocrx_word' id='word_1_854' title='bbox 2111 2811 2129 2838; x_wconf 88' lang='lat' dir='ltr'>C</span> <span class='ocrx_word' id='word_1_855' title='bbox 2141 2811 2161 2837; x_wconf 90' lang='lat' dir='ltr'>D</span> 
     </span>
     <span class='ocr_line' id='line_1_120' title="bbox 1199 2850 1979 2888; baseline -0.009 -2"><span class='ocrx_word' id='word_1_856' title='bbox 1199 2858 1384 2886; x_wconf 71' lang='lat' dir='ltr'>luti-odueitur</span> <span class='ocrx_word' id='word_1_857' title='bbox 1403 2859 1509 2888; x_wconf 79' lang='lat' dir='ltr'>autem,</span> <span class='ocrx_word' id='word_1_858' title='bbox 1530 2857 1559 2884; x_wconf 79' lang='grc' dir='ltr'>Η.</span> <span class='ocrx_word' id='word_1_859' title='bbox 1571 2850 1767 2882; x_wconf 49' lang='lat' dir='ltr'>latr-oducunt&amp;</span> <span class='ocrx_word' id='word_1_860' title='bbox 1977 2856 1979 2858; x_wconf 80' lang='grc'><strong>“</strong></span> 
     </span>
    </p>

    <p class='ocr_par' dir='ltr' id='par_1_32' title="bbox 1198 2899 2161 3026">
     <span class='ocr_line' id='line_1_121' title="bbox 1271 2899 2161 2934; baseline -0.008 -4"><span class='ocrx_word' id='word_1_861' title='bbox 1271 2904 1289 2917; x_wconf 93' lang='lat'>¹¹</span> <span class='ocrx_word' id='word_1_862' title='bbox 1311 2903 1395 2930; x_wconf 76' lang='lat' dir='ltr'>codd.</span> <span class='ocrx_word' id='word_1_863' title='bbox 1414 2901 1465 2928; x_wconf 91' lang='lat' dir='ltr'>CD</span> <span class='ocrx_word' id='word_1_864' title='bbox 1484 2900 1644 2934; x_wconf 79' lang='lat' dir='ltr'>reliquimus</span> <span class='ocrx_word' id='word_1_865' title='bbox 1654 2910 1665 2932; x_wconf 90' lang='lat'>‚·</span> <span class='ocrx_word' id='word_1_866' title='bbox 1684 2901 1729 2925; x_wconf 79' lang='lat' dir='ltr'>cfr.</span> <span class='ocrx_word' id='word_1_867' title='bbox 1751 2900 1837 2925; x_wconf 79' lang='lat' dir='ltr'>iiiatth.</span> <span class='ocrx_word' id='word_1_868' title='bbox 1853 2900 1901 2931; x_wconf 73' lang='lat'>⁴9,</span> <span class='ocrx_word' id='word_1_869' title='bbox 1922 2899 1964 2924; x_wconf 82' lang='lat'>27.</span> <span class='ocrx_word' id='word_1_870' title='bbox 1983 2913 2019 2918; x_wconf 97' lang='lat'>—</span> <span class='ocrx_word' id='word_1_871' title='bbox 2039 2899 2161 2932; x_wconf 77' lang='lat' dir='ltr'>Sequitur</span> 
     </span>
     <span class='ocr_line' id='line_1_122' title="bbox 1199 2943 2161 2979; baseline -0.008 -4"><span class='ocrx_word' id='word_1_872' title='bbox 1199 2950 1286 2975; x_wconf 83' lang='lat' dir='ltr'>Matth.</span> <span class='ocrx_word' id='word_1_873' title='bbox 1308 2949 1355 2979; x_wconf 82' lang='grc'>16,</span> <span class='ocrx_word' id='word_1_874' title='bbox 1375 2948 1417 2973; x_wconf 72' lang='grc'>18.</span> <span class='ocrx_word' id='word_1_875' title='bbox 1436 2960 1471 2966; x_wconf 95' lang='grc'>-</span> <span class='ocrx_word' id='word_1_876' title='bbox 1491 2946 1618 2977; x_wconf 84' lang='lat' dir='ltr'>Superius</span> <span class='ocrx_word' id='word_1_877' title='bbox 1648 2952 1695 2976; x_wconf 88' lang='lat' dir='ltr'>pro</span> <span class='ocrx_word' id='word_1_878' title='bbox 1724 2943 1979 2971; x_wconf 62' lang='lat' dir='ltr'>mittite-‘vilicationem</span> <span class='ocrx_word' id='word_1_879' title='bbox 2001 2945 2056 2976; x_wconf 82' lang='lat' dir='ltr'>(cfr.</span> <span class='ocrx_word' id='word_1_880' title='bbox 2081 2951 2161 2975; x_wconf 75' lang='lat' dir='ltr'>supra</span> 
     </span>
     <span class='ocr_line' id='line_1_123' title="bbox 1198 2988 1781 3026; baseline -0.009 -7"><span class='ocrx_word' id='word_1_881' title='bbox 1198 3001 1260 3026; x_wconf 78' lang='lat' dir='ltr'>pag.</span> <span class='ocrx_word' id='word_1_882' title='bbox 1280 2993 1329 3023; x_wconf 79' lang='lat'>88,</span> <span class='ocrx_word' id='word_1_883' title='bbox 1348 2995 1407 3018; x_wconf 82' lang='lat' dir='ltr'>uota</span> <span class='ocrx_word' id='word_1_884' title='bbox 1430 2991 1482 3023; x_wconf 76' lang='grc'>12.)</span> <span class='ocrx_word' id='word_1_885' title='bbox 1505 2991 1563 3016; x_wconf 67' lang='lat' dir='ltr'>vm.</span> <span class='ocrx_word' id='word_1_886' title='bbox 1581 2988 1781 3016; x_wconf 78' lang='lat' dir='ltr'>auctoritatem.</span> 
     </span>
    </p>

    <p class='ocr_par' dir='ltr' id='par_1_33' title="bbox 1198 3031 2161 3157">
     <span class='ocr_line' id='line_1_124' title="bbox 1270 3031 2161 3063; baseline -0.007 -2"><span class='ocrx_word' id='word_1_887' title='bbox 1270 3034 1291 3050; x_wconf 75' lang='lat'>¹²</span> <span class='ocrx_word' id='word_1_888' title='bbox 1311 3036 1385 3061; x_wconf 80' lang='lat' dir='ltr'>Vers.</span> <span class='ocrx_word' id='word_1_889' title='bbox 1406 3034 1448 3060; x_wconf 82' lang='lat'>27.</span> <span class='ocrx_word' id='word_1_890' title='bbox 1468 3035 1559 3059; x_wconf 80' lang='lat' dir='ltr'>Glossa</span> <span class='ocrx_word' id='word_1_891' title='bbox 1578 3032 1760 3059; x_wconf 65' lang='lat' dir='ltr'>interlineares</span> <span class='ocrx_word' id='word_1_892' title='bbox 1776 3032 1799 3058; x_wconf 92' lang='lat' dir='ltr'>in</span> <span class='ocrx_word' id='word_1_893' title='bbox 1814 3032 1876 3058; x_wconf 83' lang='lat' dir='ltr'>Luc.</span> <span class='ocrx_word' id='word_1_894' title='bbox 1892 3032 1922 3057; x_wconf 77' lang='grc'>18</span> <span class='ocrx_word' id='word_1_895' title='bbox 1933 3052 1939 3063; x_wconf 83' lang='grc'>,</span> <span class='ocrx_word' id='word_1_896' title='bbox 1954 3032 2004 3057; x_wconf 79' lang='lat'>28:</span> <span class='ocrx_word' id='word_1_897' title='bbox 2022 3031 2097 3061; x_wconf 72' lang='lat' dir='ltr'>Ecce,</span> <span class='ocrx_word' id='word_1_898' title='bbox 2114 3038 2161 3057; x_wconf 68' lang='lat' dir='ltr'>nos</span> 
     </span>
     <span class='ocr_line' id='line_1_125' title="bbox 1198 3075 2161 3111; baseline -0.007 -4"><span class='ocrx_word' id='word_1_899' title='bbox 1198 3080 1350 3107; x_wconf 76' lang='lat' dir='ltr'>dimisimus</span> <span class='ocrx_word' id='word_1_900' title='bbox 1370 3078 1477 3111; x_wconf 85' lang='lat' dir='ltr'>omnia,</span> <span class='ocrx_word' id='word_1_901' title='bbox 1497 3079 1575 3104; x_wconf 76' lang='lat' dir='ltr'>etiam</span> <span class='ocrx_word' id='word_1_902' title='bbox 1595 3078 1756 3103; x_wconf 62' lang='lat' dir='ltr'>voluntatem</span> <span class='ocrx_word' id='word_1_903' title='bbox 1777 3076 1904 3108; x_wconf 83' lang='lat' dir='ltr'>habendi,</span> <span class='ocrx_word' id='word_1_904' title='bbox 1924 3078 1949 3103; x_wconf 79' lang='lat' dir='ltr'>et</span> <span class='ocrx_word' id='word_1_905' title='bbox 1967 3075 2161 3102; x_wconf 68' lang='lat' dir='ltr'>securisumus</span> 
     </span>
     <span class='ocr_line' id='line_1_126' title="bbox 1198 3123 1555 3157; baseline -0.014 -4"><span class='ocrx_word' id='word_1_906' title='bbox 1198 3127 1237 3157; x_wconf 75' lang='lat' dir='ltr'>te,</span> <span class='ocrx_word' id='word_1_907' title='bbox 1256 3124 1328 3157; x_wconf 90' lang='lat' dir='ltr'>quod</span> <span class='ocrx_word' id='word_1_908' title='bbox 1350 3123 1490 3156; x_wconf 85' lang='lat' dir='ltr'>perfectius</span> <span class='ocrx_word' id='word_1_909' title='bbox 1509 3126 1555 3148; x_wconf 82' lang='lat' dir='ltr'>est.</span> 
     </span>
    </p>

    <p class='ocr_par' dir='ltr' id='par_1_34' title="bbox 1198 3163 2163 3243">
     <span class='ocr_line' id='line_1_127' title="bbox 1270 3163 2163 3196; baseline -0.004 -3"><span class='ocrx_word' id='word_1_910' title='bbox 1270 3167 1292 3182; x_wconf 76' lang='lat'>¹³</span> <span class='ocrx_word' id='word_1_911' title='bbox 1311 3167 1380 3194; x_wconf 87' lang='lat' dir='ltr'>Libr.</span> <span class='ocrx_word' id='word_1_912' title='bbox 1399 3168 1438 3193; x_wconf 86' lang='lat' dir='ltr'>lu.</span> <span class='ocrx_word' id='word_1_913' title='bbox 1457 3166 1604 3193; x_wconf 67' lang='lat' dir='ltr'>Communi.</span> <span class='ocrx_word' id='word_1_914' title='bbox 1625 3166 1649 3192; x_wconf 91' lang='lat' dir='ltr'>in</span> <span class='ocrx_word' id='word_1_915' title='bbox 1670 3166 1757 3191; x_wconf 82' lang='lat' dir='ltr'>Mutth.</span> <span class='ocrx_word' id='word_1_916' title='bbox 1780 3166 1824 3195; x_wconf 81' lang='grc'>19,</span> <span class='ocrx_word' id='word_1_917' title='bbox 1845 3165 1892 3196; x_wconf 83' lang='lat'>27;</span> <span class='ocrx_word' id='word_1_918' title='bbox 1907 3165 1932 3190; x_wconf 88' lang='lat' dir='ltr'>in</span> <span class='ocrx_word' id='word_1_919' title='bbox 1947 3165 1997 3190; x_wconf 78' lang='lat' dir='ltr'>nne</span> <span class='ocrx_word' id='word_1_920' title='bbox 2012 3171 2059 3196; x_wconf 83' lang='lat' dir='ltr'>pro</span> <span class='ocrx_word' id='word_1_921' title='bbox 2082 3163 2163 3189; x_wconf 72' lang='lat' dir='ltr'>Dimi—</span> 
     </span>
     <span class='ocr_line' id='line_1_128' title="bbox 1198 3209 1732 3243; baseline -0.009 -3"><span class='ocrx_word' id='word_1_922' title='bbox 1198 3212 1283 3240; x_wconf 75' lang='lat' dir='ltr'>simus</span> <span class='ocrx_word' id='word_1_923' title='bbox 1303 3214 1387 3238; x_wconf 81' lang='lat' dir='ltr'>textus</span> <span class='ocrx_word' id='word_1_924' title='bbox 1405 3210 1538 3242; x_wconf 81' lang='lat' dir='ltr'>originalis</span> <span class='ocrx_word' id='word_1_925' title='bbox 1558 3209 1732 3243; x_wconf 72' lang='lat' dir='ltr'>Reliquimus.</span> 
     </span>
    </p>

    <p class='ocr_par' dir='ltr' id='par_1_35' title="bbox 1271 3253 1943 3285">
     <span class='ocr_line' id='line_1_129' title="bbox 1271 3253 1943 3285; baseline -0.004 -4"><span class='ocrx_word' id='word_1_926' title='bbox 1271 3255 1292 3270; x_wconf 79' lang='lat'>¹⁴</span> <span class='ocrx_word' id='word_1_927' title='bbox 1312 3255 1381 3281; x_wconf 83' lang='lat' dir='ltr'>Libr.</span> <span class='ocrx_word' id='word_1_928' title='bbox 1400 3255 1418 3280; x_wconf 94' lang='lat' dir='ltr'>i.</span> <span class='ocrx_word' id='word_1_929' title='bbox 1437 3254 1532 3280; x_wconf 82' lang='lat' dir='ltr'>Homii.</span> <span class='ocrx_word' id='word_1_930' title='bbox 1551 3254 1577 3279; x_wconf 89' lang='lat' dir='ltr'>ln</span> <span class='ocrx_word' id='word_1_931' title='bbox 1597 3254 1697 3285; x_wconf 75' lang='lat' dir='ltr'>Evang.</span> <span class='ocrx_word' id='word_1_932' title='bbox 1717 3253 1807 3279; x_wconf 86' lang='lat' dir='ltr'>homil.</span> <span class='ocrx_word' id='word_1_933' title='bbox 1827 3253 1852 3278; x_wconf 84' lang='lat'>5.</span> <span class='ocrx_word' id='word_1_934' title='bbox 1872 3260 1898 3278; x_wconf 93' lang='lat' dir='ltr'>n.</span> <span class='ocrx_word' id='word_1_935' title='bbox 1918 3253 1943 3278; x_wconf 79' lang='lat'>2.</span> 
     </span>
    </p>

    <p class='ocr_par' dir='ltr' id='par_1_36' title="bbox 1198 3296 2160 3418">
     <span class='ocr_line' id='line_1_130' title="bbox 1272 3296 2160 3330; baseline -0.006 -5"><span class='ocrx_word' id='word_1_936' title='bbox 1272 3299 1293 3314; x_wconf 81' lang='lat'>¹⁶</span> <span class='ocrx_word' id='word_1_937' title='bbox 1313 3299 1452 3325; x_wconf 79' lang='lat' dir='ltr'>Declamat.</span> <span class='ocrx_word' id='word_1_938' title='bbox 1474 3298 1531 3330; x_wconf 81' lang='lat' dir='ltr'>(etr.</span> <span class='ocrx_word' id='word_1_939' title='bbox 1550 3304 1630 3329; x_wconf 79' lang='lat' dir='ltr'>supra</span> <span class='ocrx_word' id='word_1_940' title='bbox 1651 3304 1711 3328; x_wconf 79' lang='lat' dir='ltr'>pag.</span> <span class='ocrx_word' id='word_1_941' title='bbox 1732 3297 1799 3328; x_wconf 79' lang='lat'>228,</span> <span class='ocrx_word' id='word_1_942' title='bbox 1820 3300 1880 3322; x_wconf 80' lang='lat' dir='ltr'>nota</span> <span class='ocrx_word' id='word_1_943' title='bbox 1900 3297 1936 3329; x_wconf 85' lang='lat'>8.)</span> <span class='ocrx_word' id='word_1_944' title='bbox 1957 3297 1974 3321; x_wconf 92' lang='grc'>1.</span> <span class='ocrx_word' id='word_1_945' title='bbox 1988 3302 2014 3321; x_wconf 89' lang='lat' dir='ltr'>n.</span> <span class='ocrx_word' id='word_1_946' title='bbox 2029 3296 2059 3327; x_wconf 79' lang='lat'>2,</span> <span class='ocrx_word' id='word_1_947' title='bbox 2079 3302 2160 3326; x_wconf 85' lang='lat' dir='ltr'>super</span> 
     </span>
     <span class='ocr_line' id='line_1_131' title="bbox 1200 3339 2159 3374; baseline -0.008 -4"><span class='ocrx_word' id='word_1_948' title='bbox 1200 3345 1287 3371; x_wconf 81' lang='lat' dir='ltr'>Mattli.</span> <span class='ocrx_word' id='word_1_949' title='bbox 1310 3344 1357 3373; x_wconf 83' lang='grc'>19,</span> <span class='ocrx_word' id='word_1_950' title='bbox 1377 3341 1428 3369; x_wconf 79' lang='lat'>27:</span> <span class='ocrx_word' id='word_1_951' title='bbox 1450 3340 1522 3373; x_wconf 73' lang='lat' dir='ltr'>Ecce,</span> <span class='ocrx_word' id='word_1_952' title='bbox 1536 3347 1586 3368; x_wconf 74' lang='lat' dir='ltr'>nos</span> <span class='ocrx_word' id='word_1_953' title='bbox 1599 3339 1761 3374; x_wconf 77' lang='lat' dir='ltr'>reliquimus</span> <span class='ocrx_word' id='word_1_954' title='bbox 1780 3343 1830 3365; x_wconf 81' lang='lat' dir='ltr'>etc.</span> <span class='ocrx_word' id='word_1_955' title='bbox 1842 3339 1975 3371; x_wconf 75' lang='lat' dir='ltr'>Aiiegatur</span> <span class='ocrx_word' id='word_1_956' title='bbox 1995 3339 2019 3364; x_wconf 90' lang='lat' dir='ltr'>in</span> <span class='ocrx_word' id='word_1_957' title='bbox 2040 3340 2089 3364; x_wconf 81' lang='lat' dir='ltr'>hac</span> <span class='ocrx_word' id='word_1_958' title='bbox 2102 3343 2159 3363; x_wconf 66' lang='lat' dir='ltr'>seu*-</span> 
     </span>
     <span class='ocr_line' id='line_1_132' title="bbox 1198 3384 1516 3418; baseline -0.013 -3"><span class='ocrx_word' id='word_1_959' title='bbox 1198 3388 1276 3415; x_wconf 78' lang='lat' dir='ltr'>tentia</span> <span class='ocrx_word' id='word_1_960' title='bbox 1296 3387 1313 3413; x_wconf 91' lang='lat' dir='ltr'>i.</span> <span class='ocrx_word' id='word_1_961' title='bbox 1332 3387 1401 3413; x_wconf 82' lang='lat' dir='ltr'>ioan.</span> <span class='ocrx_word' id='word_1_962' title='bbox 1423 3386 1453 3418; x_wconf 82' lang='lat'>2,</span> <span class='ocrx_word' id='word_1_963' title='bbox 1475 3384 1516 3411; x_wconf 87' lang='grc'>17.</span> 
     </span>
    </p>

    <p class='ocr_par' dir='ltr' id='par_1_37' title="bbox 2019 3434 2052 3460">
     <span class='ocr_line' id='line_1_133' title="bbox 2019 3434 2052 3460; baseline 0.03 -1"><span class='ocrx_word' id='word_1_964' title='bbox 2019 3434 2052 3460; x_wconf 80' lang='grc'>59</span> 
     </span>
    </p>
   </div>
  </div>
 </body>
</html>
