2476 3921
46 1076 158 1103 Quartum,

26 1102 54 1124 ad
68 1102 159 1124 toleran-

27 1129 85 1151 dum.

26 2133 154 2156 Notandum.

33 2504 90 2526 Haec
103 2505 156 2527 flunt

35 2532 155 2554 Christiano

35 2560 114 2583 facilia.

761 238 956 272 COMMENT.
981 239 1018 272 ΙΝ
1042 239 1281 273 EVANGELIUM
1305 240 1422 274 LUCAE
1446 242 1477 274 C.
1503 242 1577 275 xvl.

183 335 245 360 non
268 324 409 369 exigitur
432 327 512 360 ratio
529 340 559 359 ι».
584 346 629 351 -
651 327 688 360 Et
710 330 781 369 post
803 327 895 360 istius
914 327 1044 361 rationis
1066 336 1142 360 exa-

184 379 318 412 ctionem
341 389 403 412 non
427 379 557 413 restabit
580 379 769 422 poesibilitas
784 380 824 413 ad
840 380 1048 419 merendum
1073 379 1142 413 ideo

182 431 309 465 subdit:
334 432 409 465 Iam
432 432 518 465 enim
540 442 607 465 non
627 433 753 475 poteris
775 432 945 472 villicare,
970 432 1045 475 quia
1065 432 1141 465 dici-

183 488 236 518 tur
266 485 467 518 Ecclesiastae
497 486 626 518 nono¹:
656 498 671 514 α
688 485 749 518 Nec
780 494 861 527 opus
892 494 949 518 nec
973 485 1053 518 ratio
1083 494 1141 518 nec

181 537 310 571 scientia
340 547 396 571 nec
427 537 578 580 sapientia
609 541 704 571 erunt
734 537 818 580 apud
850 538 984 577 inferos,
1018 547 1082 580 quo
1106 542 1141 571 tu

182 599 332 633 properas
348 604 378 623 ».
403 590 488 624 Unde
511 593 542 623 et
565 590 809 624 Proverbiorum
833 590 984 633 vigesimo
1008 591 1141 633 septimo

179 643 296 676 dicitur
326 643 454 676 cuilibet
481 643 606 676 villico:
637 657 652 672 α
668 644 734 676 Non
759 643 890 676 habebis
913 644 1030 686 iugiter
1053 647 1140 686 pote-

180 699 292 729 statem
309 709 340 735 ¹·;
357 699 388 729 et
405 696 607 729 Ecclesiastici
632 693 775 729 decimo:
805 709 821 725 «
837 696 946 729 Omnis
962 700 1141 739 potentatus

180 749 285 783 brevis
315 750 379 782 vita
395 763 425 782 ι».
455 750 586 791 Propter
617 749 701 791 quod
733 749 889 791 Propheta
915 749 946 782 in
972 750 1139 783 Psalm02:

185 815 201 831 α
216 802 315 835 Nolite
338 802 496 835 confidere
519 802 552 835 in
575 802 772 844 principibus
802 811 905 844 neque
929 803 960 835 in
988 803 1060 836 filiis
1085 804 1140 836 ho-

179 855 319 895 minum,
343 855 375 888 in
400 855 518 898 quibus
541 865 603 888 non
627 859 675 889 est
690 856 786 889 salus.
805 856 910 889 Exibit
925 856 1056 898 spiritus
1071 857 1140 890 eius

178 912 209 941 et
233 912 411 942 revertetur
434 909 466 941 in
490 912 608 942 terram
640 917 750 948 suam;
783 909 815 941 in
839 909 892 941 illa
915 909 965 942 die
989 909 1138 952 peribunt

178 970 287 995 omnes
310 962 513 1004 cogitationes
536 971 647 995 eorum
665 975 681 991 ι»
709 965 768 995 etc.

267 1015 297 1047 5.
323 1015 424 1056 (Vers.
451 1014 506 1056 3.).
531 1015 651 1056 Quarto
674 1018 829 1057 quantum
854 1014 892 1047 ad
917 1014 1138 1057 imperfectio-

176 1077 251 1100 ‘nem
286 1067 496 1110 infirmitatis
531 1066 700 1100 humanae
735 1067 766 1100 in
804 1068 907 1100 villico
931 1068 1138 1100 tolerandam

178 1120 347 1154 subditur:
380 1121 438 1153 Ait
468 1124 578 1153 autem
609 1120 739 1153 villicus
770 1121 863 1153 intra
886 1130 942 1153 se:
972 1121 1061 1162 Quid
1083 1120 1138 1164 fa-

177 1174 285 1213 ciam,
309 1173 391 1217 quia
414 1173 571 1206 dominus
594 1183 687 1206 meus
710 1173 826 1216 aufert
845 1183 868 1206 a
891 1183 943 1206 me
964 1174 1138 1206 villicatio-

176 1227 273 1260 nem?
297 1227 377 1269 Quia
400 1227 483 1260 enim
514 1227 608 1259 timor
632 1227 737 1259 iudicii
762 1227 907 1260 sollicitat
931 1232 1066 1260 mentem
1099 1227 1137 1260 ad

177 1280 430 1322 procurationem
456 1279 604 1318 remedii,
629 1279 698 1312 ideo
722 1279 831 1313 videns
855 1276 996 1319 villicus,
1021 1289 1054 1313 se
1069 1289 1138 1313 esse

176 1333 397 1372 iudicandum,
422 1332 557 1374 requirit
580 1332 772 1372 remedium,
797 1333 971 1366 secundum
988 1333 1065 1366 illud
1084 1334 1137 1366 Ec-

176 1386 338 1419 clesiastici
374 1386 494 1418 decimo
527 1386 685 1419 octavo³:
728 1398 743 1414 «
767 1387 843 1419 Ante
879 1386 1028 1419 iudicium
1062 1396 1138 1428 para

175 1438 325 1472 iustitiam
360 1442 391 1471 et
425 1442 497 1472 ante
532 1440 715 1481 languorem
739 1439 853 1472 adhibe
884 1439 1070 1472 medicinam
1106 1443 1138 1473 et

175 1495 247 1525 ante
270 1492 421 1525 iudicium
446 1492 607 1534 interroga
631 1496 661 1525 te
677 1492 790 1534 ipsum
807 1506 837 1524 ιι.
856 1511 898 1516 -
916 1493 952 1525 Et
968 1492 1043 1535 quia
1065 1501 1137 1534 per-

174 1545 266 1578 fectio
297 1545 505 1587 poenitentiae
537 1545 679 1578 consistit
709 1545 741 1577 in
772 1545 940 1578 afflictione
972 1549 1003 1578 et
1031 1545 1137 1577 labore

174 1598 329 1640 corporali
361 1603 392 1631 et
423 1599 600 1631 humilitate
623 1602 655 1631 et
678 1598 799 1641 pudore
824 1598 972 1638 mentali;
998 1601 1030 1631 et
1060 1599 1137 1631 haec

174 1650 238 1684 duo
261 1654 388 1684 recusat
410 1651 535 1684 animus
558 1651 676 1684 infirmi
695 1651 847 1684 hominis:
866 1651 934 1684 ideo
950 1650 1055 1684 addit:
1073 1652 1137 1683 Fo-

174 1704 250 1737 dere
273 1715 340 1738 non
362 1705 473 1744 valeo,
498 1708 629 1747 propter
652 1705 769 1737 laboris
800 1704 972 1746 corporalis
1002 1704 1136 1737 difficul-

175 1761 288 1797 tatem,
320 1758 413 1800 quia,
446 1758 528 1791 sicut
560 1758 677 1791 dicitur
712 1758 954 1791 Proverbiorum
987 1757 1136 1799 vigesimo

174 1820 257 1843 nono
268 1811 292 1850 ⁴,
310 1823 326 1840 α
343 1810 398 1853 qui
414 1810 545 1843 delicate
560 1820 579 1843 a
595 1810 731 1852 pueritia
751 1810 852 1842 nutrit
876 1818 1005 1842 servum
1028 1812 1135 1851 postea

174 1863 287 1896 sentiet
301 1872 373 1896 eum
392 1867 608 1896 contumacem
621 1876 652 1894 ».
670 1863 858 1895 Mendicare
873 1861 1044 1900 erubeseo,
1062 1871 1135 1903 pro-

173 1920 245 1959 pter
268 1920 358 1950 actus
381 1916 624 1958 contemptibilis
647 1915 819 1954 vilitatem;
852 1915 1057 1948 Ecclesiastici
1089 1915 1134 1947 vi-

174 1970 292 2012 gesimo
315 1969 440 2002 n0n05:
471 1982 486 1998 «1
502 1969 664 2001 Minimum
689 1977 748 2010 pro
772 1977 885 2010 magno
908 1968 1029 2010 placeat
1060 1967 1133 2007 tibi,

173 2025 206 2054 et
227 2021 456 2064 improperium
480 2021 742 2063 peregrinationis
765 2030 828 2054 non
844 2020 953 2054 audies
970 2033 1000 2060 »3
1017 2023 1049 2054 et
1064 2024 1135 2063 post

174 2074 300 2107 subdit:
330 2087 345 2103 α
361 2074 474 2107 Gravia
497 2074 574 2107 haec
598 2074 717 2107 homini
741 2074 869 2107 habenti
893 2083 1040 2107 sensum:
1065 2083 1134 2107 cor-

174 2123 276 2170 reptio
309 2127 421 2160 domus
452 2131 483 2160 et
511 2127 740 2170 improperium
771 2127 977 2160 foeneratoris
993 2140 1024 2160 n.
1056 2127 1134 2160 Huic

174 2190 249 2223 ergo
272 2180 375 2213 villico
398 2180 510 2213 similis
543 2184 591 2213 est
619 2181 674 2223 qui
706 2180 823 2223 refugit
853 2180 995 2213 ordinem
1019 2180 1134 2213 Cister-

174 2234 339 2273 tiensium,
363 2233 439 2276 quia
462 2233 624 2272 laborant,
649 2233 699 2266 vel
714 2233 856 2266 ordinem
874 2233 1042 2272 Minorum,
1059 2233 1134 2276 quia

173 2286 359 2319 mendicant.
385 2286 421 2319 Et
444 2286 504 2319 hoc
529 2289 632 2318 tamen
657 2285 818 2318 tolerabile
841 2288 906 2324 est,
930 2285 1006 2327 quia
1028 2294 1070 2318 ex
1086 2285 1134 2318 in-

173 2339 321 2372 firmitate
346 2339 430 2372 venit
454 2339 599 2381 refugere
624 2338 769 2371 laborem
792 2341 824 2371 et
837 2338 1020 2380 pudorem,
1042 2338 1132 2370 illum

173 2392 255 2425 sicut
279 2392 528 2434 importabilem,
553 2392 648 2424 istum
673 2392 754 2424 sicut
779 2391 1043 2432 contemptibilem
1056 2390 1079 2422 ⁶.

265 2446 294 2477 6.
320 2445 378 2478 Sed
406 2445 478 2477 licet
501 2444 559 2477 ista
588 2444 650 2477 sint
672 2443 810 2476 difficilia
834 2443 952 2475 homini
988 2443 1132 2481 infirmo,

172 2498 274 2531 facilia
297 2501 400 2530 tamen
424 2500 498 2530 sunt
522 2506 578 2539 per
602 2497 763 2529 Christum
787 2496 926 2538 perfecto
946 2495 1131 2527 Christiano.

174 2551 250 2583 Nam
272 2550 417 2583 Christus
440 2559 498 2592 pro
521 2550 611 2583 nobis
634 2549 736 2582 sactus
759 2557 880 2591 pauper
903 2551 934 2581 et
958 2548 989 2580 in
1018 2547 1132 2580 labori-

174 2604 235 2637 bus
257 2603 380 2642 multis,
405 2603 579 2636 secundum
602 2602 679 2635 illud
704 2602 814 2634 Psalmi
828 2601 858 2633 ⁷:
884 2613 900 2630 α
918 2601 1039 2642 Pauper
1060 2608 1131 2633 sum

246 2771 255 2786 ¹
277 2772 351 2798 Vers.
371 2772 413 2797 10.
432 2786 467 2790 -
486 2771 604 2797 Subinde
632 2772 777 2803 allegantur
805 2771 883 2796 Prov.
911 2770 960 2802 27,
986 2770 1029 2796 24.
1048 2773 1073 2796 et
1093 2771 1135 2796 Ec-

175 2817 216 2842 cli.
238 2817 286 2847 ⁴0,
307 2817 349 2842 ll.
1041 2829 1044 2832 Δ

245 2858 256 2874 ²
275 2861 369 2886 Psalm.
390 2860 456 2891 ⁴45,
476 2860 527 2886 2-4.
547 2874 581 2879 --
600 2860 690 2886 Glossa
720 2859 922 2886 interlinearis:
951 2858 1037 2885 Redde
1054 2858 1135 2886 ratio-

174 2911 235 2930 vem
246 2907 304 2935 etc.,
314 2904 378 2929 dum
389 2904 466 2937 vivis,
476 2904 570 2936 cogita,
579 2905 691 2937 qualiter
701 2903 799 2930 debeas
809 2904 921 2935 operari,
929 2902 984 2929 iam
994 2902 1065 2929 enim
1076 2906 1135 2933 etc.,
1157 2931 1160 2934 Δ

174 2955 189 2973 a
208 2951 326 2980 tempore
345 2948 444 2974 mortis.
464 2947 516 2974 Cfr.
535 2949 602 2974 Petr.
622 2949 729 2974 Diacou.
747 2951 773 2974 et
791 2949 898 2980 Haym.,
918 2948 966 2973 loc.
986 2947 1028 2973 cit.

246 2990 257 3005 ⁸
278 2992 352 3017 vers.
371 2992 414 3017 49.
432 2999 488 3025 seq.
508 3006 541 3011 —-
560 2993 650 3018 Glossa
670 2991 869 3018 interlinearis:
897 2991 967 3018 Ait...
993 2990 1067 3017 intra
1091 2997 1133 3022 se,

175 3036 269 3061 timore
281 3037 448 3068 perterritus,
460 3036 526 3070 quid
542 3036 664 3070 faciam?
677 3040 705 3062 ut
718 3044 817 3068 poenas
835 3036 940 3062 evitem.
954 3050 990 3055 —
1008 3035 1135 3067 Superius

175 3086 225 3111 pro
239 3080 463 3113 procurationem
482 3080 595 3107 remedii
612 3081 671 3106 Vat.
686 3079 908 3114 provocationem
926 3078 1048 3105 remedii.

246 3122 258 3137 ¹
278 3125 352 3150 vers.
372 3125 415 3150 21.
435 3139 469 3143 -
487 3125 596 3156 llaym.,
614 3125 663 3150 loc.
688 3125 745 3150 cit.:
773 3123 876 3151 Fodere
903 3123 1061 3149 rusticorum
1082 3125 1134 3154 est,

175 3167 343 3200 mendicare,
362 3169 529 3194 contusionis.

246 3210 258 3225 ⁶
277 3213 352 3238 vers.
374 3213 416 3238 30.
435 3216 462 3238 et
480 3213 528 3245 35,
558 3212 603 3238 ubi
632 3219 680 3244 pro
707 3211 773 3238 haec
798 3211 902 3237 homini
919 3209 1028 3237 habenti
1045 3210 1133 3242 plures

176 3256 270 3287 codd„
290 3260 317 3282 ut
335 3256 354 3283 C
374 3257 406 3290 (D
425 3257 557 3289 primitus)
577 3257 640 3287 FG,
658 3255 724 3282 haec
742 3255 835 3282 omnia
853 3254 967 3281 habenti.

248 3299 259 3315 ⁸
278 3301 337 3327 Vat.
358 3301 433 3332 legit:
452 3308 488 3327 ea·
513 3296 668 3334 infirmitate
696 3299 779 3332 venit,
802 3299 874 3333 quod
891 3298 980 3332 suyiat
998 3297 1131 3328 laborem,

176 3346 202 3371 et
218 3352 253 3371 ea:
268 3344 389 3378 pudore,
403 3344 475 3378 quod
491 3344 581 3378 faqiat
597 3343 828 3370 mendicationmn.
849 3343 932 3370 Illum
957 3342 1029 3377 fuyit
1048 3343 1077 3368 ut
1096 3341 1131 3367 in-

177 3387 356 3420 tolerabilem,
377 3388 448 3415 lnmc
467 3389 497 3414 ut
515 3387 743 3422 contemptibilem.

2098 246 2163 279 405

1207 336 1264 370 ego
1287 331 1319 361 et
1342 329 1373 361 in
1398 329 1559 363 laboribus
1574 339 1594 363 a
1610 331 1772 364 iuventute
1788 341 1857 365 mea
1874 346 1905 371 n,
1930 332 2003 365 facit
2025 333 2165 367 laborem

1205 382 1405 423 appetibilem
1429 387 1460 416 et
1478 383 1706 417 mendicitatem
1725 385 1956 424 honorabilem,
1973 387 2048 428 quia
2069 400 2084 415 α
2099 396 2166 419 ma-

1206 443 1267 475 gna
1290 435 1390 476 gloria
1412 439 1459 468 est
1487 436 1576 477 sequi
1608 436 1774 469 Dominum
1793 451 1824 476 n,
1849 438 1930 471 sicut
1961 439 2077 471 dicitur
2110 440 2165 472 Ec-

1206 486 1368 520 clesiastici
1400 487 1549 529 vigesimo
1581 489 1682 521 tertio.
1716 490 1781 531 lpse
1813 493 1917 522 autem
1951 491 2102 524 Dominus
2125 492 2164 524 de

1205 546 1239 570 se
1262 538 1330 580 ipso
1353 539 1470 571 dicitss:
1501 552 1516 568 «ι
1533 540 1594 582 Ego
1618 543 1722 573 autem
1747 542 1908 575 mendicus
1937 551 2006 575 sum
2031 546 2062 575 et
2087 553 2164 585 pau-

1205 599 1279 632 per,
1304 594 1335 624 et
1358 592 1509 625 Dominus
1544 593 1696 626 sollicitus
1718 597 1766 626 cst
1789 594 1848 627 mei
1867 607 1897 633 »;
1922 595 2006 636 quod
2034 596 2162 637 quidem

1205 652 1267 676 non
1291 644 1407 677 dicitur
1431 648 1585 686 quantum
1609 645 1647 677 ad
1664 645 1856 687 spiritualia,
1875 647 1905 679 in
1922 648 2039 689 quibus
2062 648 2162 680 abun-

1204 696 1274 735 dat,
1299 697 1353 729 sed
1376 701 1531 739 quantum
1555 697 1595 730 ad
1618 698 1818 739 temporalia,
1844 699 1874 731 in
1891 700 2008 741 quihus
2032 709 2089 741 pro
2107 710 2162 732 no-

1204 749 1253 782 bis
1275 758 1393 792 egenus
1416 753 1447 783 et
1464 750 1626 783 mendicus
1649 751 1778 784 effectus
1794 755 1876 790 erat,
1894 752 2067 785 secundum
2085 753 2162 785 illud

1204 803 1359 836 secundae
1382 803 1420 836 ad
1444 803 1622 836 Corinthios
1645 808 1770 837 octavo:
1801 818 1815 833 α
1833 805 1923 838 Scitis
1946 806 2077 847 gratiam
2102 806 2164 838 Do-

1203 856 1279 888 mini
1303 857 1401 889 nostri
1426 857 1494 889 lesu
1518 857 1652 896 Christi,
1676 857 1824 900 quoniam
1849 867 1907 900 pro
1931 858 2020 891 nobis
2043 867 2162 900 egenus

1203 908 1332 942 effectus
1363 913 1428 948 est,
1461 919 1534 943 cum
1565 914 1647 943 esset
1678 910 1796 943 dives»
1837 915 1894 943 etc.
1929 911 1964 943 Et
1996 916 2162 953 propterea

1202 961 1276 994 dicit
1300 962 1410 995 beatus
1434 963 1617 996 Franciscus
1640 963 1672 996 in
1697 964 1806 1006 regula
1829 973 1887 997 sua
1899 964 1922 1002 ⁹,
1947 964 2030 1006 quod
2048 964 2162 997 fratres

1202 1023 1276 1047 suos
1304 1027 1320 1043 α
1336 1024 1398 1047 non
1422 1019 1546 1057 oportet
1562 1016 1767 1049 verecundari
1793 1017 1823 1049 in
1848 1017 2069 1055 mendicando,
2087 1017 2162 1059 quia

1202 1067 1355 1101 Dominus
1367 1077 1401 1101 se
1417 1077 1475 1110 pro
1491 1069 1581 1102 nobis
1597 1069 1669 1102 fecit
1686 1078 1856 1111 pauperem
1875 1070 1905 1102 in
1924 1070 1981 1102 hoc
1997 1070 2116 1102 mundo
2129 1084 2160 1102 υ.

1202 1121 1445 1160 Verumtamen,
1470 1122 1544 1164 quia
1576 1122 1679 1155 villico
1715 1126 1864 1165 tanquam
1893 1123 2074 1164 imperfecto
2099 1132 2161 1155 non

1202 1177 1269 1206 erat
1292 1173 1364 1206 data
1387 1173 1497 1216 gratia,
1522 1183 1578 1216 per
1602 1184 1697 1216 quam
1722 1175 1857 1217 perfecte
1881 1175 2060 1208 efficeretur
2084 1184 2157 1207 con-

1201 1226 1310 1260 formis
1333 1227 1476 1266 Christo;
1493 1227 1562 1260 ideo
1586 1231 1736 1269 tanquam
1760 1228 1904 1261 infirmus
1920 1228 2011 1261 dicit:
2036 1229 2159 1261 silendi-

1202 1289 1280 1312 care
1303 1280 1467 1319 erubesco,
1492 1289 1553 1313 non
1577 1281 1638 1313 ait:
1663 1281 1853 1313 mendicare
1870 1286 2055 1320 contemno,
2084 1281 2158 1323 quia

1202 1332 1280 1365 haec
1303 1341 1366 1364 non
1389 1335 1471 1365 esset
1493 1333 1659 1365 infirmitas
1684 1333 1860 1372 toleranda,
1878 1333 1931 1366 sed
1948 1334 2090 1375 impietas
2106 1333 2159 1366 de-

1203 1385 1354 1417 testanda.

2181 920 2205 941 Β.
2221 922 2308 942 funci-

2218 954 2274 969 scm.

1292 1439 1321 1469 7.
1347 1438 1447 1480 (Vers.
1473 1438 1528 1479 4.).
1553 1438 1668 1480 Quinto
1699 1442 1853 1480 quantum
1877 1439 1916 1471 ad
1944 1439 2159 1471 inventionem
2171 1450 2323 1477 Quintum„

1200 1490 1306 1532 fidelis
1341 1491 1510 1524 amicitiae
1536 1491 1777 1534 providendam
1809 1492 1931 1524 subdit:
1957 1492 2050 1530 Scio,
2075 1491 2157 1535 quid

1200 1542 1346 1586 faciam,
1371 1548 1405 1576 ut
1429 1544 1591 1586 acquiram
1615 1544 1738 1576 fidelem
1762 1544 1939 1577 amicitiam.
1960 1544 2045 1576 Unde
2073 1544 2160 1576 Glos-

1201 1606 1235 1629 sa
1249 1597 1292 1628 ¹⁰:
1321 1609 1336 1625 <t
1355 1597 1485 1629 Villicus
1501 1601 1547 1629 est
1564 1597 1614 1629 cui
1631 1597 1715 1630 Deus
1731 1597 1851 1638 aliquas
1868 1597 2015 1638 pecunias
2031 1597 2070 1629 ad
2086 1606 2157 1630 ero-

1200 1649 1337 1691 gandum
1361 1649 1555 1691 pauperibus
1578 1649 1749 1688 commisit;
1774 1649 1839 1691 qui,
1864 1650 1889 1682 si
1914 1650 2046 1691 cogitat,
2065 1649 2158 1682 talem

1201 1702 1420 1735 villicationem
1437 1711 1509 1735 cum
1528 1702 1591 1735 vita
1607 1703 1665 1735 ista
1681 1702 1848 1735 finiendam
1859 1728 1866 1741 ,
1884 1703 1982 1744 magis
1997 1702 2035 1735 de
2051 1703 2159 1744 acqui-

1200 1754 1305 1788 rendis
1328 1755 1436 1787 amicis
1459 1763 1555 1797 quam
1578 1755 1616 1788 de
1640 1755 1865 1798 congregandis
1896 1755 2012 1788 divitiis
2035 1760 2159 1797 pertra-

1199 1811 1262 1840 ctat
1277 1820 1308 1839 ».
1334 1808 1387 1840 llle
1410 1808 1493 1840 enim
1518 1811 1602 1841 recte
1627 1811 1729 1850 potest
1752 1808 1873 1841 dicere:
1892 1809 1977 1847 Scio,
2002 1808 2083 1851 qnid
2102 1807 2158 1850 fa-

1199 1861 1299 1900 ciam,
1324 1861 1378 1903 qui
1403 1860 1534 1894 intendit
1550 1861 1715 1903 acquirere
1733 1861 1870 1903 proximi
1887 1861 2065 1899 amicitiam,
2082 1861 2157 1902 quia

1198 1917 1326 1947 econtra
1349 1907 1464 1946 dicitu'r
1489 1914 1609 1956 primae
1626 1914 1746 1946 loannis
1762 1914 1899 1946 secundo
1913 1915 1952 1945 ¹1:
1982 1926 1997 1941 α
2015 1913 2073 1954 Qui
2090 1913 2155 1945 odit

1197 1967 1329 2000 fratrem
1352 1976 1445 1999 suum
1470 1966 1502 1999 in
1526 1966 1664 1999 tenebris
1679 1971 1727 1999 est
1750 1970 1781 2000 et
1804 1967 1835 1999 in
1860 1966 1996 1999 tenebris
2017 1966 2156 1998 ambulat

1198 2024 1229 2054 et
1252 2021 1369 2060 nescit,
1393 2030 1458 2063 quo
1492 2020 1594 2059 vadit,
1618 2020 1693 2062 quia
1724 2020 1871 2053 tenebrae
1906 2019 2156 2052 obcaecaverunt

1197 2073 1306 2107 oculos
1329 2074 1397 2107 eius
1413 2087 1443 2105 ι).
1469 2073 1527 2106 Sed
1551 2076 1679 2106 econtra
1694 2073 1749 2115 qui
1765 2072 1881 2114 diligit,
1899 2072 1963 2114 ipse
1980 2071 2053 2110 scit,
2078 2070 2155 2112 quid

1197 2126 1287 2166 facit;
1312 2126 1385 2159 facit
1408 2125 1491 2158 enim
1522 2124 1695 2158 secundum
1731 2124 1845 2157 Christi
1874 2124 2066 2162 doctrinam,
2091 2132 2155 2165 qua

1198 2180 1322 2222 quaerit
1346 2178 1520 2211 remedium
1537 2181 1645 2211 contra
1661 2178 1847 2219 periculum.
1866 2196 1907 2201 —
1924 2178 2053 2219 Propter
2070 2176 2155 2219 quod

1194 2232 1321 2265 subdit:
1353 2231 1409 2269 Ut,
1434 2241 1509 2264 cum
1533 2233 1664 2263 amotus
1687 2229 1785 2272 fuero
1809 2239 1832 2262 a
1855 2229 2072 2267 villicatione,
2097 2237 2154 2270 per

1197 2285 1333 2318 divinam
1358 2284 1561 2322 sententiam,
1586 2283 1758 2316 secundum
1782 2282 1860 2315 illud
1883 2282 2080 2324 Apocalypsis
2103 2291 2153 2314 se-

1198 2337 1301 2370 cundo
1315 2338 1358 2368 ¹²:
1382 2350 1397 2365 α
1416 2337 1541 2369 Veniam
1559 2336 1613 2368 tibi
1630 2339 1661 2368 et
1676 2335 1808 2368 movebo
1823 2335 2045 2368 candelabrum
2063 2338 2152 2367 tuum

1197 2390 1236 2423 de
1260 2390 1327 2422 loco
1350 2399 1408 2422 suo
1424 2402 1455 2428 1>;
1481 2389 1645 2431 recipiant
1671 2398 1722 2420 me
1752 2388 1788 2421 in
1824 2388 1936 2421 domo-s
1966 2397 2067 2425 suas,
2096 2396 2153 2428 per

1196 2441 1389 2474 amicabilem
1414 2440 1668 2473 misericordiam.
1701 2440 1775 2472 Nam
1801 2441 1877 2473 haec
1900 2443 1947 2472 est
1971 2439 2023 2471 lex
2047 2439 2152 2471 amici-

1197 2494 1258 2526 tiae
1280 2494 1312 2526 in
1336 2493 1518 2526 necessitate
1542 2502 1604 2526 non
1627 2492 1734 2525 deesse
1769 2492 1885 2531 amico;
1910 2492 1993 2525 unde
2023 2492 2153 2524 Prover-

1196 2546 1321 2579 biorum
1353 2545 1474 2578 decimo
1508 2545 1641 2587 septimo
1654 2545 1698 2577 ¹⁸:
1733 2544 2020 2586 «omnitempore
2055 2543 2154 2585 diligit

1197 2599 1252 2641 qui
1275 2598 1395 2631 amicus
1418 2602 1483 2637 est,
1500 2602 1532 2631 et
1548 2598 1645 2631 frater
1668 2598 1700 2631 in
1716 2597 1868 2640 angustiis
1884 2597 2107 2639 comprobatur
2120 2610 2152 2634 n,

1269 2767 1279 2782 ⁷
1300 2769 1393 2794 Psalm.
1412 2768 1458 2800 87,
1479 2768 1520 2793 16.
1539 2781 1574 2786 —
1594 2767 1715 2800 Sequitur
1736 2767 1809 2793 Eccli.
1830 2767 1876 2797 23,
1896 2767 1938 2791 38.
1953 2780 1986 2783 —
2001 2765 2058 2790 Vat.
2076 2772 2156 2796 supe-

1198 2813 1253 2838 rius
1273 2820 1320 2845 pro
1339 2811 1442 2839 laomim·
1461 2811 1596 2846 infirmo...
1611 2818 1662 2845 per
1682 2810 1819 2837 Christum
1837 2809 1969 2836 substituit
1984 2808 2087 2835 homiui
2105 2808 2155 2833 im-

1196 2857 1340 2891 perfecto...
1358 2857 1468 2890 propter
1489 2855 1634 2887 Clu-tetum,
1654 2858 1679 2881 et
1706 2855 1815 2880 inferius
1839 2857 1898 2886 post
1918 2860 2024 2879 versum
2044 2852 2152 2877 Psalmi:

1198 2909 1216 2928 a
1235 2902 1369 2928 iuventute
1387 2907 1446 2926 mea
1465 2900 1646 2932 prosequitur:
1659 2899 1701 2925 ‘Et
1714 2906 1765 2932 per
1784 2898 1833 2925 hoc
1848 2897 1977 2924 Dominus
1992 2895 2061 2922 veris
2075 2895 2152 2922 Chri-

1198 2946 1293 2973 stianis
1311 2945 1398 2971 reddit
1417 2944 1537 2971 laborem
1556 2943 1697 2977 optabilem
1715 2945 1741 2969 et
1760 2942 1955 2968 mendicitatem
1974 2945 2024 2966 ete.

1269 2988 1279 3003 ⁸
1299 2991 1324 3015 ln
1345 2989 1438 3015 Psalm.
1456 2989 1505 3019 39,
1529 2988 1567 3013 18.
1586 3001 1621 3006 -
1640 2986 1755 3012 Subinde
1775 2987 1899 3017 allegatur
1918 2986 1945 3010 ll.
1964 2984 2022 3010 Cor.
2042 2984 2072 3013 8,
2091 2983 2114 3007 9.

1268 3032 1279 3047 ⁹
1298 3033 1360 3065 Cap.
1381 3033 1405 3058 6.

1270 3076 1292 3092 ¹⁰
1312 3077 1412 3103 Scilicet
1430 3075 1572 3102 ordinaria
1590 3074 1662 3106 apud
1682 3074 1885 3105 Ly1·anum;cfr.
1905 3078 1984 3103 supra
2002 3077 2065 3102 pag.
2085 3070 2149 3099 403,

1198 3125 1259 3147 nota
1279 3122 1321 3146 20.
1340 3133 1375 3139 ——
1394 3121 1483 3145 Glossa
1502 3117 1697 3145 interlinearis:
1716 3116 1793 3148 Scio,
1815 3115 1880 3149 quid
1896 3115 2010 3148 siu-zum,
2031 3118 2150 3145 tempore

1198 3166 1275 3191 liuius
1293 3164 1463 3190 villicationis.

1270 3208 1290 3223 ¹¹
1312 3209 1385 3234 Vers.
1408 3209 1453 3239 ll,
1474 3207 1519 3233 ubi
1538 3214 1585 3238 pro
1606 3205 1678 3232 vadit
1697 3206 1753 3230 Vat.
1773 3211 1832 3229 cum
1849 3204 1958 3234 Vulgata
1978 3203 2028 3227 eut.
2047 3215 2082 3220 —
2101 3202 2150 3226 Ali-

1196 3256 1294 3286 quanto
1314 3252 1419 3277 iuferius
1438 3258 1485 3283 pro
1504 3257 1558 3284 qua
1577 3249 1682 3283 quaerit
1702 3249 1759 3274 Vat.
1781 3247 1843 3281 quia
1864 3246 1979 3280 quaerit.

1268 3295 1289 3310 ¹¹
1309 3296 1382 3321 Vers.
1403 3296 1433 3320 5:
1458 3293 1536 3320 Venio
1556 3292 1604 3319 tibi
1620 3296 1669 3318 etc.

1268 3338 1290 3354 ¹³
1312 3341 1384 3366 vers.
1408 3339 1452 3370 17,
1472 3341 1530 3370 post
1549 3343 1627 3370 quem
1647 3336 1723 3361 Eccli.
1743 3336 1773 3366 6,
1790 3335 1828 3361 14.
1842 3341 1897 3367 seq.
1912 3348 1947 3353 —
1959 3334 2048 3358 Glossa
2067 3332 2151 3358 inter*

1197 3383 1322 3411 linear-1¹³:
1343 3382 1477 3416 Recipiunt
1497 3388 1552 3413 me,
1575 3381 1607 3406 illi
1626 3379 1723 3414 quibus
1742 3378 1948 3405 misericordiam
1969 3376 2130 3409 impendero.

2191 1477 2306 1503 providen-

2219 1503 2278 1524 dum.

2172 2452 2215 2473 Lex
2223 2452 2305 2482 ‚amici-

2213 2483 2265 2499 tiae.
