2476 3921
31 1817 123 1841 Variatio

0 1853 2 1861 ›
17 1845 86 1867 mnudi
98 1851 140 1866 ma-

1 1874 2 1886 1
14 1871 61 1894 ioris
74 1873 95 1893 et
107 1871 146 1894 mi-

45 1898 107 1920 noris.

19 2207 80 2229 11111111
96 2210 144 2230 sunt

13 2239 83 2257 caune
99 2237 149 2258 tres.

488 544 774 615 EXPOSITIO
819 543 1157 612 THRENORUM
1197 543 1457 611 IEREMIAE
1499 544 1830 613 PROPHETAE.

984 1169 1328 1229 PROOEMIUM.

239 1371 267 1400 1.
290 1372 414 1408 Tempus
430 1371 597 1408 ptanyendi
617 1371 646 1399 et
659 1372 771 1406 tempus
790 1369 923 1399 saltandi
935 1368 956 1398 ².
976 1370 1013 1399 In
1040 1369 1126 1399 verbo

4 1420 144 1475 Ouffiiffigyffl
156 1420 212 1450 isto
232 1420 392 1450 ostenditur
412 1420 498 1449 huius
526 1420 619 1456 operis
639 1428 725 1448 causa
744 1419 926 1455 materialis,
948 1419 978 1447 in
999 1418 1127 1455 plaowtu

158 1469 279 1504 scilicet,
302 1469 330 1498 et
350 1468 498 1506 formalis,
519 1469 586 1505 quia
605 1469 724 1498 modum
737 1468 825 1497 habet
846 1468 1078 1504 lamentativum,
1098 1467 1128 1496 et

158 1520 217 1548 eius
239 1527 329 1548 causa
355 1518 458 1554 finalis
478 1518 509 1547 in
535 1517 624 1547 saltu.
645 1517 768 1546 Materia
795 1517 907 1553 quidem
927 1517 1013 1545 huius
1034 1517 1128 1552 operis

158 1567 203 1597 est
222 1568 387 1605 Synagogae
407 1567 453 1596 vel
480 1567 621 1596 Ecclesiae
643 1575 693 1595 seu
720 1567 919 1603 cuiuscumque
943 1565 1128 1602 particularis

157 1617 268 1646 animae
289 1615 430 1646 desolatio
453 1615 605 1653 luyubris;
624 1615 717 1645 forma
744 1615 831 1644 etiam
855 1615 1045 1644 lamentativa
1065 1614 1128 1644 tota

158 1665 305 1695 deducitur
332 1674 396 1694 cum
427 1665 625 1701 questionibus
656 1664 686 1693 et
705 1662 984 1702 indiynationibus⁹
1013 1663 1145 1693 metrice·

157 1714 330 1752 compositis.

237 1764 284 1793 Ad
304 1772 424 1800 quorum
444 1763 665 1800 intelligentiam
685 1763 857 1798 notandum,
880 1763 963 1800 quod,
985 1762 1059 1792 sicut
1079 1762 1129 1791 ibi-

158 1814 221 1843 dem
235 1812 246 1828 8
278 1813 395 1848 dicitur,
422 1824 437 1839 «
451 1813 545 1842 omnia
576 1812 690 1849 tempus
721 1812 843 1847 habent,
876 1812 905 1840 et
936 1812 995 1841 suis
1027 1811 1129 1848 spatiis

158 1871 284 1900 quaeque
305 1861 553 1899 pertranseunt».
571 1861 649 1891 Sicut
669 1862 743 1891 enim
757 1861 881 1890 mundus
901 1862 992 1891 maior
1012 1860 1128 1890 sensibi-

157 1912 225 1941 liter
245 1911 387 1941 continuis
401 1911 577 1941 successibus
597 1911 741 1946 variatur,
764 1912 823 1941 Deo
837 1910 940 1940 cuncta
960 1909 1130 1939 mirabiliter

158 1960 356 1997 gubernante;
383 1961 422 1989 sic
453 1960 576 1989 mundus
606 1961 712 1995 minor,
743 1960 828 1990 homo
860 1959 981 1993 scilicet,
1004 1959 1057 1987 Dei
1084 1957 1130 1986 at-

159 2009 278 2038 tendens
309 2009 427 2043 iudicia,
455 2009 537 2038 modo
565 2009 746 2039 considerans
776 2009 902 2037 divinam
931 2007 1128 2042 severitatem,

159 2058 241 2087 modo
261 2066 379 2087 cernens
400 2057 512 2086 radiare
537 2057 590 2086 Dei
609 2056 831 2093 benignitatem,
853 2055 1038 2085 diversimode
1067 2055 1130 2084 affi-

159 2107 234 2136 citur
255 2107 284 2136 et
304 2107 409 2136 divinis
429 2107 540 2135 iudiciis
554 2106 763 2141 conformatum
785 2105 821 2134 ad
835 2113 921 2141 quam
942 2104 1129 2133 variationem

160 2157 313 2192 respiciens
334 2156 466 2185 Salomon
480 2155 565 2184 dixit:
583 2156 707 2190 Tempus
718 2153 881 2190 ptanyendi
895 2154 922 2182 et
941 2154 1054 2187 tempus
1064 2151 1129 2192 sal-

163 2204 256 2233 tandi.
277 2204 355 2233 Haec
376 2204 472 2233 autem
493 2203 614 2233 variatio
635 2203 666 2231 in
685 2203 756 2231 viris
777 2201 884 2230 sanctis
905 2209 939 2229 ex
959 2200 1052 2228 tribus
1066 2208 1129 2228 cau-

163 2253 202 2281 sis
224 2252 296 2282 solet
317 2252 456 2281 accidere:
479 2252 525 2281 vel
546 2260 579 2280 ex
599 2249 765 2280 diversitate
785 2248 1049 2278 considerationum
1072 2248 1129 2283 spi-

161 2300 334 2338 ritualium,
355 2301 401 2330 vel
422 2309 455 2329 ex
475 2299 642 2329 diversitate
663 2300 813 2328 eventuum
835 2296 1056 2333 temporalium,
1081 2296 1127 2325 vel

162 2358 196 2379 ex
215 2349 372 2379 variatione
398 2350 531 2378 statuum
557 2347 661 2377 mwndi
681 2347 914 2383 principalium,
935 2346 997 2374 viae
1024 2344 1131 2375 scilicet

163 2397 193 2426 et
212 2397 333 2434 patriae.

243 2447 272 2475 2.
293 2446 403 2480 Primo,
425 2446 495 2480 dico,
516 2454 550 2474 ex
571 2444 737 2474 diversitate
758 2444 1024 2473 considerationum
1040 2443 1131 2478 spiri-

18 2499 151 2549 Qffissiai?
165 2495 301 2524 tualium.
320 2494 403 2523 Modo
424 2494 499 2523 enim
527 2493 623 2522 Sancti
644 2492 850 2522 convertuntur
870 2492 906 2521 ad
934 2491 1130 2521 consideratio-

162 2552 229 2572 nem
248 2543 399 2579 lugubrem
420 2542 600 2579 peccatorum
622 2550 737 2571 suorum
759 2541 788 2571 et
809 2542 943 2576 aliorum,
965 2541 994 2570 et
1014 2541 1067 2570 hoc
1086 2540 1131 2569 est

160 2591 321 2628 piamque,-
340 2591 422 2621 modo
442 2591 479 2620 ad
492 2590 759 2627 contemplationem
776 2591 957 2620 aeternorum
977 2590 1129 2624 bonorum,

165 2640 194 2670 et
214 2640 267 2670 hoc
287 2640 331 2669 est
356 2640 477 2669 saltare.
501 2656 542 2661 —
565 2640 611 2669 Ad
630 2640 706 2669 hunc
731 2639 879 2676 planctum
906 2639 1043 2669 invitans.
1054 2639 1132 2668 Iere-

165 2687 259 2718 mias⁴
281 2688 366 2717 dixit:
393 2700 408 2714 <e
428 2688 575 2725 Accingite
596 2697 646 2718 vos
667 2689 778 2723 ciliciis,
800 2688 929 2725 plangite
957 2688 986 2717 et
1005 2687 1129 2722 ululate,

166 2738 232 2774 quia
251 2746 309 2767 non
330 2737 374 2767 est
394 2746 496 2767 aversa
515 2738 560 2767 ira
580 2737 684 2767 furoris
710 2738 823 2767 Domini
844 2746 861 2766 a
882 2738 962 2767 vobis
983 2749 1012 2766 ».
1033 2737 1070 2766 111
1091 2737 1132 2766 ci-

166 2786 235 2816 licio
256 2787 347 2816 omnis
367 2787 522 2823 corporalis
536 2786 651 2816 afflictio
672 2786 861 2824 intelligitur3
875 2787 905 2815 in
915 2786 1057 2823 planctu,
1072 2786 1132 2815 cul-

182 2993 184 2996 .
239 2959 249 2975 ¹
269 2961 351 2987 Eccle.
372 2961 403 2992 3,
424 2960 449 2987 4.
478 2974 514 2980 —
538 2960 605 2987 Cod.
635 2961 657 2986 A
681 2961 839 2993 opusculum
866 2960 997 2987 inscribit:
1017 2959 1131 2987 Postilla

169 2995 198 3022 in
216 2995 431 3023 Lamentationes
449 2995 586 3023 Ieremiae.

174 3032 181 3037 “
241 3032 367 3057 Notamus
385 3032 429 3057 hic
456 3032 537 3057 semel
566 3038 615 3064 pro
643 3038 764 3063 semper,
792 3031 865 3064 quod
893 3031 1002 3064 quando
1021 3031 1131 3057 mutatio

170 3069 254 3093 textus
272 3068 337 3093 sacta
357 3070 397 3093 est
415 3067 568 3093 auctoritate
587 3066 725 3099 utriusque
743 3066 842 3093 codicis
866 3069 887 3092 A
898 3067 932 3098 B,
951 3069 1075 3092 neutrum
1095 3066 1132 3092 di·

171 3102 262 3128 stincte
281 3102 462 3133 nominamus,
480 3102 529 3128 sed
546 3104 661 3135 tantum,
674 3102 695 3128 si
709 3102 847 3135 convenit,
866 3102 1012 3128 variantem
1031 3101 1132 3128 Vatica-

170 3144 219 3164 nae
237 3137 359 3163 editionis
377 3137 514 3163 lectionem
534 3137 561 3163 in
579 3140 640 3163 nota
658 3137 693 3163 ad
712 3138 811 3163 calcem
824 3137 971 3163 referimus.

240 3171 251 3187 ³
270 3173 308 3232 ¹35⁶
326 3171 509 3206 questionibus
529 3176 555 3199 et
572 3171 802 3206 indiqnationibus
826 3173 888 3199 vide
911 3173 978 3198 intra
991 3179 1054 3204 pag.
1069 3171 1132 3203 609,

171 3209 260 3234 notam
301 3228 306 3233 .

242 3241 253 3256 ⁸
272 3242 354 3268 Eccle.
373 3242 405 3273 3,
425 3243 450 3268 l.
469 3256 505 3262 —
523 3243 589 3269 lnsra
617 3249 666 3275 pro
693 3241 744 3268 Dei
759 3241 898 3269 attendens
923 3241 1032 3274 iudicia,
1052 3241 1132 3268 modo

173 3277 232 3316 Vat.
250 3276 329 3304 modo
348 3277 486 3304 attendens
505 3277 746 3311 consideransque,
766 3280 791 3304 et
804 3277 902 3304 deinde
911 3280 971 3303 ante
983 3276 1051 3304 4υἰνιζς
1070 3283 1133 3303 san-

173 3313 221 3339 ctis
239 3312 334 3338 omittit
351 3312 389 3338 in.
711 3334 716 3336 a

243 3346 254 3362 ⁴
273 3347 337 3380 Cap.
357 3347 387 3379 4,
407 3348 433 3374 8.

1190 1378 1243 1406 pae
1264 1369 1432 1405 detestati03
1454 1370 1484 1398 in
1504 1369 1641 1406 ululatu,
1663 1369 1860 1399 detestationis
1875 1370 2051 1399 vehementia
2072 1370 2101 1399 et
2115 1371 2159 1400 in-

1190 1418 1282 1448 tensio
1308 1418 1492 1455 designatur3
1520 1427 1592 1455 quae
1620 1419 1788 1448 exercendae
1816 1419 1899 1454 sunt,
1921 1419 2007 1448 donec
2036 1420 2159 1455 Spiritus

1191 1467 1286 1496 sancti
1306 1467 1456 1496 clementia
1476 1467 1598 1497 interius
1619 1468 1794 1504 experiatur,
1817 1468 1881 1504 qui,
1909 1468 1943 1496 ut
1964 1468 2030 1497 dicit
2057 1468 2159 1504 Grego-

1191 1518 1252 1546 rius
1263 1516 1284 1552 ⁶,
1312 1528 1326 1542 α
1340 1517 1401 1546 ideo
1415 1517 1608 1554 Paracletus,
1629 1517 1658 1545 id
1679 1517 1724 1545 est
1744 1517 1917 1551 consolator,
1939 1517 2055 1551 dicitur,
2077 1518 2158 1553 quia,

1191 1566 1259 1595 dum
1280 1574 1359 1602 spem
1374 1566 1472 1596 veniae
1486 1565 1584 1601 parat,
1600 1565 1722 1594 mentem
1736 1574 1754 1594 a
1768 1565 1889 1594 tristitia
1909 1565 1987 1594 levat
1999 1577 2027 1593 a».
2041 1565 2098 1594 Ira
2112 1573 2159 1594 au-

1192 1615 1251 1644 tem
1270 1614 1384 1650 furoris
1404 1615 1448 1644 est
1462 1614 1596 1644 voluntas
1617 1615 1742 1643 criminis
1756 1615 1900 1651 puniendi.
1921 1614 2005 1643 Istud
2026 1614 2070 1643 est
2084 1623 2160 1643 exer-

1191 1664 1290 1693 citium
1316 1664 1466 1700 praecipue
1493 1663 1715 1700 neophytorum3
1744 1663 1862 1699 propter
1890 1663 1964 1699 quod
1991 1663 2059 1692 dicit
2086 1663 2160 1691 idem

1192 1713 1328 1742 Ieremias
1340 1711 1367 1741 ⁶:
1387 1724 1402 1738 (ι
1416 1712 1490 1741 Filia
1510 1712 1608 1748 populi
1622 1712 1691 1746 mei,
1713 1712 1857 1748 accingere
1878 1712 1966 1740 cilicio
1981 1711 2010 1739 et
2030 1719 2160 1747 consper-

1192 1770 1259 1798 gere
1280 1762 1387 1796 cinere3
1402 1760 1512 1790 luctum
1526 1760 1666 1797 unigeniti
1679 1760 1723 1788 fac
1737 1760 1805 1794 tibi,
1821 1760 1968 1796 planctum
1989 1769 2117 1788 amarum
2130 1772 2159 1787 n.

1275 1811 1304 1839 3.
1324 1810 1409 1839 Hunc
1428 1810 1518 1846 igitur
1531 1809 1664 1838 affectum
1685 1809 1714 1837 et
1728 1809 1875 1845 planctum
1896 1809 2017 1837 assumit
2038 1809 2091 1837 sibi
2105 1808 2160 1837 Ec-

1193 1860 1279 1889 clesia
1299 1860 1330 1888 in
1350 1859 1525 1895 temporibus
1545 1858 1727 1887 ieiuniorum:
1755 1869 1770 1883 α
1785 1857 1987 1886 Convertimini
2008 1857 2044 1885 ad
2065 1865 2108 1885 me
2129 1857 2159 1885 in

1193 1908 1255 1938 toto
1276 1908 1358 1937 corde
1372 1907 1484 1941 vestro,
1505 1907 1535 1935 in
1555 1907 1658 1935 ieiunio
1673 1906 1702 1934 et
1722 1906 1792 1934 fletu
1807 1906 1835 1934 et
1856 1905 1974 1942 planctu
1986 1904 1996 1919 ⁷
2011 1917 2025 1930 a»
2038 1916 2044 1939 3
2060 1905 2093 1933 ut
2107 1914 2159 1941 per

1188 1957 1347 1993 planetum
1361 1956 1458 1985 veniat
1471 1955 1508 1984 ad
1527 1955 1638 1984 saltum
1651 1954 1747 1991 gaudii
1768 1954 1926 1990 spiritualis
1940 1954 1969 1982 et
1989 1954 2159 1989 contempla-

1194 2006 1296 2040 tionis,
1324 2003 1630 2034 dicente‘Psalmista:
1657 2014 1672 2028 «
1691 2002 1863 2032 Convertisti
1891 2003 2038 2038 planctum
2067 2011 2159 2031 meum

1194 2054 1224 2082 in
1244 2053 1395 2090 gaudium,
1418 2051 1578 2081 conscidisti
1599 2059 1709 2080 saccum
1723 2059 1816 2079 meum
1838 2051 1866 2079 et
1887 2051 2094 2079 circumdedisti
2115 2060 2158 2080 me

1193 2102 1306 2131 laetitia
1319 2112 1353 2136 »·;
1374 2109 1474 2131 saccus
1493 2101 1687 2136 consciditur,
1709 2108 1772 2129 cum
1793 2100 1859 2136 post
1874 2100 1955 2136 signa
1970 2100 2160 2135 poenitentiae

1195 2152 1277 2187 signa
1297 2150 1424 2179 laetitiae
1451 2149 1646 2178 assumuntur.
1668 2149 1710 2177 De
1738 2149 1790 2178 hoc
1810 2157 1911 2185 genere
1939 2149 2034 2177 saltus
2056 2149 2160 2177 dicitur

1194 2199 1315 2228 secundo
1336 2199 1445 2234 Regum
1457 2196 1483 2226 ⁸:
1510 2209 1525 2223 ιι
1539 2198 1631 2226 David
1652 2197 1829 2234 percutiebat
1849 2198 1879 2226 in
1900 2198 2014 2233 organis
2039 2198 2160 2234 armiga-

1194 2248 1233 2276 tis
1253 2247 1282 2276 et
1303 2246 1430 2275 saltabat
1451 2246 1520 2275 totis
1539 2246 1648 2274 viribus
1662 2245 1729 2274 ante
1752 2245 1903 2275 Dominum
1917 2256 1951 2280 »;
1973 2254 2088 2281 oryana
2109 2254 2161 2273 ar-

1193 2296 1320 2332 miwta,
1341 2295 1370 2323 id
1392 2294 1435 2324 est
1456 2295 1492 2323 ad
1513 2303 1624 2323 armum
1644 2294 1752 2331 ligata,
1774 2294 1937 2330 significant
1965 2301 2050 2329 opera
2071 2294 2157 2322 fortia

1195 2342 1400 2379 poenitentiae3
1422 2343 1463 2372 ad
1487 2351 1561 2379 quae
1584 2344 1738 2378 percutere
1764 2342 1808 2371 est
1832 2343 1862 2371 in
1893 2343 1932 2371 eis
1953 2342 2102 2371 efficaciter
2132 2350 2160 2370 se

1195 2400 1322 2421 exercere
1337 2391 1366 2421 et
1379 2392 1409 2420 in
1423 2391 1671 2427 contemplationis
1685 2391 1866 2420 altitudinem
1886 2391 1967 2427 quasi
1980 2399 2031 2426 per
2052 2390 2158 2419 saltum

1194 2441 1299 2470 levare.
1320 2441 1358 2469 In
1378 2440 1625 2476 contemplationis
1646 2440 1798 2469 altitudine
1818 2440 1905 2468 libere
1926 2440 2028 2469 volant
2040 2438 2160 2476 Anqett,

1196 2490 1244 2519 sed
1265 2489 1380 2519 saltant
1400 2489 1515 2518 tantum
1536 2489 1667 2521 homines
1687 2489 1803 2526 miseri,
1825 2490 1904 2525 quia,
1925 2489 1955 2517 in
1982 2489 2072 2517 altam
2097 2497 2163 2517 con-

1196 2538 1391 2575 templationis
1406 2538 1549 2574 speculam
1563 2537 1668 2572 evecti,
1689 2537 1760 2571 cito,
1782 2545 1897 2573 corpore
1912 2536 2102 2573 aggravante,
2118 2544 2163 2565 co—

1195 2588 1305 2624 guntur
1325 2587 1424 2616 relabi.
1444 2587 1481 2616 In
1502 2587 1581 2616 cuius
1609 2587 1731 2624 figuram
1753 2587 1842 2622 pisces
1863 2586 2000 2615 habentes
2030 2593 2162 2621 squamas

1196 2637 1225 2666 et
1239 2637 1390 2674 pinnulas,
1413 2636 1565 2666 secundum
1586 2636 1689 2673 Legem
1704 2636 1801 2665 mundi
1822 2635 2009 2672 reputantur,
2032 2635 2097 2670 quia
2112 2642 2162 2670 per

1196 2686 1271 2715 vices
1285 2694 1371 2722 super
1385 2694 1474 2722 aquas
1489 2685 1610 2714 saltibus
1623 2684 1773 2719 levantur;
1792 2685 1822 2712 in
1841 2684 1965 2713 Levitico
1977 2682 2004 2712 ⁹:
2031 2694 2046 2708 α
2060 2682 2161 2716 Omne,

1196 2735 1270 2772 quod
1297 2734 1385 2764 habet
1405 2735 1540 2771 pinnulas
1561 2734 1590 2763 et
1611 2742 1744 2770 squamas
1772 2733 1832 2761 tam
1859 2734 1889 2761 in
1919 2733 1991 2761 mari
2018 2740 2103 2768 quam
2131 2732 2160 2759 in

1197 2784 1360 2814 fluminibus
1388 2783 1418 2812 et
1445 2783 1572 2820 stagnis,
1598 2782 1747 2812 comedetis
1761 2792 1789 2816 »;
1818 2781 1847 2810 et
1874 2781 1965 2810 infra:
1991 2792 2006 2805 α
2020 2779 2159 2815 Quidquid

1267 2957 1278 2972 ⁵
1297 2957 1366 2984 Libr.
1386 2957 1412 2982 ll.
1433 2957 1531 2987 Evang.
1551 2954 1642 2980 homil.
1661 2954 1704 2979 30.
1722 2961 1748 2992 n.
1769 2954 1793 2978 3.
1813 2966 1848 2992 Ἶ-
1867 2953 1931 2978 lnsra
1958 2958 2006 2990 pro
2031 2950 2158 2990 rolunlas

1196 2992 1319 3044 criminis
1334 2991 1468 3026 puniendi
1485 2991 1543 3016 Val„
1562 2989 1688 3016 voluntas
1706 2995 1762 3015 swe
1779 2994 1888 3014 animus
1904 2985 2042 3020 pumentia.

1268 3063 1278 3079 '¹
1297 3027 1480 3095 sszp.26',4226;.
1494 3061 1612 3093 sequitur
1632 3060 1671 3085 Ps.
1691 3059 1740 3089 29,
1761 3059 1839 3083 la-
1858 3058 1943 3089 supra
1962 3063 2010 3088 pro
2029 3055 2157 3089 affectum

1196 3101 1221 3127 et
1239 3099 1380 3149 plgvzctum
1401 3098 1458 3124 Vat.
1477 3096 1656 3130 affectuosum
1671 3093 1825 3154 planatum,
1962 3125 1967 3130 .
2080 3124 2085 3129 .
2102 3124 2154 3151 aas

1198 3169 1274 3203 (ἡρμο
1278 3133 1406 3203 agatae?
1411 3132 1497 3193 1111111ῗέ
1516 3130 1623 3192 ζῗῑὺῖἰ
1629 3130 1810 3196 Ρὲἔὲῐξέιιξὲἒίἶῖδ
1814 3133 1979 3194 &deza-⁴17³&
1983 3132 2144 3200 Γθῖζὲἷίιθγυῐ
2149 3173 2156 3178 -

1198 3209 1273 3237 gata,
1291 3204 1338 3230 sed
1357 3204 1498 3229 occurrunt
1516 3202 1541 3226 in
1566 3199 1653 3226 multis
1680 3198 1792 3231 antiquis
1817 3198 1935 3223 eiusdem
1963 3194 2155 3227 exemplaribus

1197 3239 1383 3271 manuscriptis
1402 3240 1429 3263 et
1446 3236 1590 3269 impressis.
1682 3268 1688 3273 ⁵
1712 3269 1717 3274 ¹
1907 3267 1913 3271 .

1268 3273 1280 3289 ⁹
1298 3274 1361 3306 Cap.
1385 3274 1410 3298 ll
1424 3293 1430 3304 ,
1450 3273 1482 3311 ἢ,
1501 3274 1533 3310 εἰ,
1545 3269 1663 3302 sequitur
1682 3268 1746 3294 ibid.
1759 3275 1786 3293 v.
1805 3267 1853 3297 2st
1873 3266 1968 3292 demde
1987 3264 2058 3291 Cant.
2078 3265 2108 3294 2.
2128 3264 2151 3289 8.

1198 3309 1380 3371 ξὲιοῐζιτιθῗΙῗξξῗ.
1399 3306 1689 3368 giggzfflz‘tgdnegurum
1717 3305 1855 3329 contracta.
1875 3315 1908 3319 —
1928 3301 1994 3326 lnrra
2019 3302 2078 3332 post
2101 3299 2153 3325 Per

2215 1815 2308 1842 plicatur

2222 1841 2299 1871 ‚Eccle-

2209 1873 2270 1888 siam.
