2476 3921
0 1058 5 1101 ,i
17 1075 122 1106 Expositip

1 1104 5 1138 i
13 1102 136 1132 spiritualis.

0 1225 49 1260 Loca
56 1234 145 1257 31udae-

4 1268 59 1286 orum
67 1262 146 1289 signiti-

5 1291 49 1313 cant
64 1289 138 1311 iustos.

3 2142 56 2163 Luca
69 2141 81 2162 3
100 2146 150 2168 gen-

12 2168 78 2189 tilium
86 2167 151 2195 sigui-

17 2194 79 2216 ficant
92 2199 142 2222 pec-

35 2223 124 2243 catores.

744 226 938 259 COMMENT.
966 225 1001 257 ΙΝ
1027 223 1264 256 EVANGELlUM
1291 223 1406 256 LUCAE
1431 223 1463 255 C.
1489 223 1536 255 Vl.

158 321 344 353 «Virtutem
372 318 528 357 ostendis,
555 317 609 359 qui
639 326 700 349 non
728 315 868 349 crederis
898 323 966 347 esse
995 314 1024 346 in
1051 313 1113 345 vir-

154 378 219 408 tute
242 376 480 407 consummatus
497 385 526 404 ».
551 371 639 403 Tunc
663 370 756 403 etiam
780 368 862 407 exit,
886 366 1012 410 quando
1035 365 1114 398 aliis

152 426 393 464 communicat,
418 424 591 458 secundum
621 422 697 455 illud
731 422 824 454 isaiae
855 419 1112 463 quadragesimo:

157 495 172 510 «
189 481 248 522 Qui
272 480 325 512 dat
349 480 429 512 lasso
454 478 602 510 virtutem
637 480 669 509 et
693 475 742 509 his
765 475 819 517 qui
844 483 906 507 non
931 477 1022 511 sunt,
1052 472 1114 504 for—

153 534 316 568 titudinem
341 536 372 565 et
389 532 487 564 robur
505 529 733 572 multiplicat».
752 529 787 561 Et
809 536 937 570 mayna
953 530 1022 559 erat
1039 526 1115 558 haec

154 587 272 625 virtus,
296 594 378 627 quae
401 584 432 617 in
457 592 566 616 omnes
601 585 737 624 poterat,
761 580 936 614 secundum
960 578 1036 612 illud
1062 580 1115 610 sa-

154 640 286 683 pientiae
301 638 423 672 decimo
438 642 553 680 quarto
567 638 595 669 ¹:
625 649 640 665 a
659 636 768 668 Potens
791 643 825 667 es
845 643 886 667 ex
903 632 1050 666 omnibus
1067 641 1114 664 sa-

153 703 228 727 nare
245 706 276 732 »;
300 697 331 726 et
354 692 476 726 decimo
499 694 612 724 sexto:
642 703 657 718 nr
674 689 733 731 Qui
757 696 930 722 conversus
953 690 1022 719 erat
1054 695 1114 718 non

155 757 210 790 per
235 747 263 780 id
287 745 371 789 quod
396 745 537 783 videbat,
562 743 751 781 sanabatur,
768 741 821 775 sed
839 750 895 783 per
912 744 956 779 te,
973 739 1114 772 omnium

154 801 345 834 salvatorem
364 812 394 831 n.
422 798 456 830 Et
481 798 539 830 hoc
573 796 711 829 maxime
741 794 921 828 attrahebat
944 801 1053 825 omnes
1077 791 1115 824 ad

154 854 332 892 Christum;
357 852 441 885 unde
464 851 580 884 dicitur
607 849 726 882 loannis
750 851 854 881 sexto:
884 860 901 876 <x
919 846 1116 889 Sequebatur

155 916 226 941 eum
252 905 420 939 multitudo
456 913 584 947 magna,
609 903 684 946 quia
719 902 865 935 videbant
899 900 1005 943 signa,
1035 907 1116 941 quae

155 960 287 993 faciebat
310 968 406 1001 super
430 958 480 991 his
503 957 557 1000 qui
583 955 826 989 infirmabantur
843 967 873 986 ».

245 1013 297 1045 47.
324 1011 554 1054 Spiritualiter
578 1014 650 1042 nota
674 1009 743 1047 hic,
768 1008 850 1051 quod
875 1007 1045 1045 auditores,
1062 1006 1116 1048 qui

156 1066 285 1100 veniunt
310 1065 347 1098 ad
372 1065 552 1103 Christum,
576 1063 782 1096 attrahuntur
818 1061 856 1094 de
880 1070 936 1094 sex
963 1060 1056 1098 locis,
1079 1059 1118 1092 de

156 1119 260 1153 tribus
283 1119 401 1152 scilicet
428 1118 631 1150 ludaeorum
662 1119 693 1149 et
728 1115 830 1148 trihus
852 1113 1036 1157 yeiititium.
1062 1113 1118 1145 l’er

156 1174 224 1207 loca
250 1173 452 1205 ludaeorum
476 1172 641 1213 signantur
666 1169 758 1208 iusti,
784 1178 839 1210 per
866 1169 931 1201 loca
945 1166 1118 1210 gentilium

158 1230 347 1269 peccatores.
366 1244 405 1248 —
423 1225 496 1257 Tria
519 1226 624 1257 autem
652 1226 814 1265 ponuntur
833 1222 899 1254 loca
918 1221 1119 1253 ludaeorum

158 1279 330 1313 secundum
344 1282 460 1312 statum
476 1277 630 1319 triplicem
643 1277 820 1308 iustorum.
836 1274 964 1307 Iudaea
976 1273 1058 1306 enim
1073 1273 1119 1305 in-

158 1336 352 1375 terpretatur
368 1330 524 1371 confitens·
537 1330 549 1349 ²
566 1333 597 1362 et
613 1329 767 1371 significat
783 1332 900 1361 statum
919 1326 1119 1364 activorum,

158 1386 212 1429 qui
236 1385 396 1418 Christum
432 1383 522 1416 bonis
554 1382 704 1424 operibus
730 1381 940 1419 confitentum
965 1379 1044 1412 Osee
1066 1378 1120 1411 de-

158 1439 257 1472 cimo:
279 1451 294 1467 <z
309 1437 413 1470 Arabit
431 1436 535 1474 ludas,
552 1439 583 1468 et
599 1434 774 1476 confringet
790 1433 848 1466 sibi
866 1433 970 1466 sulcos
987 1432 1076 1465 iacob
1090 1444 1119 1471 »ς

159 1492 273 1525 Tobiae
295 1491 416 1523 decimo
440 1489 547 1522 tertio:
569 1501 584 1517 «
601 1487 797 1521 confitemini
816 1487 858 1519 illi
876 1490 907 1519 et
924 1487 1037 1528 Regem
1054 1494 1121 1518 sae-

159 1545 303 1586 culorum
328 1543 465 1576 exaltate
490 1542 520 1574 in
537 1540 687 1584 operibus
704 1540 817 1573 vestris
834 1554 863 1571 ι».
882 1557 924 1563 -
942 1538 1121 1577 Samaria,

159 1607 240 1641 quae
264 1598 490 1639 interpretatur
514 1587 666 1628 custodia
678 1594 703 1633 ³,
721 1593 875 1636 significat
891 1595 1006 1626 statum
1022 1601 1121 1634 prae-

161 1652 317 1685 latorum.
355 1651 429 1683 Nam
462 1650 523 1683 illis
545 1649 662 1682 dicitur
686 1648 768 1681 tertii
798 1648 916 1690 Regum
952 1646 1121 1689 vigesimo:

166 1719 180 1734 «
203 1704 329 1738 Custodi
355 1704 458 1736 virum
492 1703 606 1742 istum,
638 1702 692 1745 qui
729 1701 753 1734 si
787 1702 893 1743 lapsus
928 1700 1038 1738 fuerit,
1062 1698 1123 1732 erit

161 1759 264 1792 anima
281 1761 335 1790 tua
351 1766 409 1799 pro
425 1757 527 1789 anima
545 1756 629 1789 illius
643 1769 673 1788 ».
692 1773 734 1778 —
754 1753 945 1793 Ierusalem
970 1762 1052 1796 quae
1076 1753 1123 1785 in-

163 1814 354 1854 terpretatur
385 1809 469 1842 visio
497 1809 636 1851 pacis&
661 1807 815 1850 significat
844 1810 960 1840 statum
985 1810 1124 1839 contem-

159 1865 386 1908 pictaverunt,-
409 1863 502 1896 lsaiae
520 1862 732 1904 sexagesimo:
763 1875 778 1890 «
795 1861 909 1903 Surge,
934 1860 1123 1898 illuminare,

162 1911 347 1956 Ierusalem,
371 1917 446 1960 quia
471 1916 554 1949 venit
579 1916 685 1949 lumen
704 1919 794 1948 tuum
812 1927 842 1954 »;
867 1914 981 1947 Tobiae
1003 1913 1124 1946 decimo

164 1972 256 2006 tertio
278 1971 394 2004 dicitur
417 1970 456 2003 de
482 1969 666 2002 ierusalem:
689 1981 703 1997 «
722 1968 804 2001 Beati
826 1976 952 2006 omnes,
977 1967 1030 2009 qui
1055 1966 1122 1999 dili-

163 2029 242 2068 gunt
265 2028 295 2058 te
319 2028 350 2058 et
373 2023 511 2066 gaudent
534 2023 564 2056 in
590 2032 665 2065 pace
690 2026 744 2055 tua
760 2035 791 2054 ».

254 2078 307 2111 48.
331 2077 405 2110 Tria
427 2077 521 2110 etiam
547 2079 710 2119 ponuntur
734 2076 802 2108 loca
822 2074 997 2118 perititiam
1013 2082 1125 2107 secun-

163 2132 239 2180 dum
264 2130 419 2173 triplicem
443 2133 560 2163 statum
583 2133 806 2171 peecatorum.
833 2127 1008 2160 Maritima
1031 2127 1125 2165 enim,

164 2196 245 2230 quae
270 2189 398 2219 ventosa
420 2188 468 2217 est
491 2188 522 2216 et
546 2183 728 2225 frequenter
753 2182 954 2220 turbulenta,
973 2180 1128 2223 significat

164 2239 332 2272 vanitatem
345 2240 376 2270 et
387 2236 613 2270 turbulentiam
625 2235 851 2277 superborum;
866 2234 959 2266 isaiae
971 2233 1128 2276 quinqua-

165 2292 283 2335 gesimo
307 2290 483 2333 septimo⁵:
513 2302 528 2318 «
546 2288 633 2331 lmpii
659 2288 747 2330 quasi
773 2296 859 2320 mare
884 2286 1019 2325 fervens,
1043 2286 1127 2327 quod

165 2345 327 2388 quiescere
351 2353 411 2376 non
437 2347 585 2386 potest».
611 2361 654 2366 —
686 2342 810 2384 Tyrus,
835 2349 917 2383 quae
941 2340 1128 2381 interpreta-

168 2404 220 2432 tur
236 2397 397 2441 a·n9ustia
409 2397 434 2435 ⁶,
452 2396 606 2438 significat
622 2395 813 2428 anxietatem
831 2397 862 2426 et
878 2393 1053 2435 angustiam
1072 2402 1129 2425 cu-
1147 2409 1153 2416 κ

164 2451 340 2495 pidorum:
366 2449 570 2483 Ecclesiastici
588 2448 739 2491 vigesimo
755 2447 905 2490 septimo:
934 2458 950 2475 «
965 2446 1047 2478 inter
1064 2454 1128 2478 me-

165 2505 251 2538 dium
268 2503 434 2546 emptionis
447 2506 478 2536 et
490 2501 676 2535 venditionis
691 2500 923 2544 angustiabitur
940 2502 1084 2542 peccator
1097 2510 1127 2537 »;

169 2556 369 2591 Ecclesiastici
404 2556 534 2598 quinto:
565 2555 662 2587 «Noli
698 2562 766 2587 esse
797 2553 913 2587 anxius
947 2553 978 2585 in
1013 2551 1130 2585 divitiis

168 2611 291 2644 iniustis
312 2624 341 2642 n.
372 2628 413 2633 —
447 2609 568 2648 Sidon,
600 2617 681 2651 quae
705 2608 934 2649 interpretatur
961 2605 1091 2638 venatio
1104 2604 1129 2643 ⁷,

168 2664 320 2707 significat
336 2662 528 2696 desiderium
552 2666 584 2694 et
607 2660 890 2703 concupiscentiam
915 2658 1129 2696 carnalium,-

170 2718 251 2751 unde
274 2718 306 2750 in
331 2717 469 2750 Psalmo:
499 2728 515 2744 «
531 2715 762 2747 Convertentur
785 2713 823 2746 ad
847 2721 1010 2756 vesperam
1034 2715 1066 2745 et
1086 2712 1130 2745 fa-

242 2917 251 2932 ²
272 2918 347 2944 Vers.
368 2917 397 2949 4,
416 2916 461 2942 ubi
481 2923 529 2949 pro
547 2922 648 2943 sanare
669 2915 780 2948 Vulgata
798 2914 907 2942 salvare
927 2914 984 2947 (cir.
1003 2917 1066 2940 tom.
1088 2914 1129 2940 Vl.

170 2969 232 2996 pag.
252 2961 317 2993 ⁴97,
337 2964 402 2988 nota
429 2961 463 2995 -1.)
492 2964 518 2987 et
547 2961 593 2992 ⁴6,
612 2960 639 2991 7,
658 2963 717 2992 post
734 2967 815 2994 quem
835 2961 905 2986 ioan.
929 2960 959 2991 6,
978 2960 1010 2992 2,
1030 2959 1055 2985 in
1074 2966 1128 2992 quo

171 3014 219 3040 pro
237 3005 361 3033 videbant
378 3006 400 3032 Α
410 3005 429 3033 C
441 3006 462 3032 G
481 3004 594 3033 videbat.
902 3002 904 3005 ”

241 3049 252 3065 ⁵
270 3051 384 3083 Hieron„
403 3050 437 3078 de
450 3050 582 3077 Nominib.
596 3046 715 3076 Hebraic.
730 3056 790 3075 n0V.
805 3051 907 3075 testam.
919 3049 953 3076 ad
968 3049 986 3075 Ι.
998 3048 1128 3075 Corinth.:

172 3095 292 3128 ludaeis,
311 3094 508 3127 confitentibus,
526 3095 583 3121 sive
611 3093 785 3120 laudantibus.
811 3093 862 3120 Cir.
881 3101 961 3126 supra
981 3100 1044 3126 pag.
1067 3092 1128 3124 ¹45,

171 3144 230 3167 nota
252 3141 274 3166 l.
293 3154 329 3159 —
347 3140 499 3173 Sequuntur
518 3139 584 3165 Osee
605 3139 652 3169 10,
675 3138 717 3164 Μ.
736 3141 761 3164 et
781 3137 847 3164 Tob.
872 3138 911 3171 13,
931 3138 956 3164 6.

242 3182 254 3198 ³
272 3183 385 3216 Hieron„
403 3184 452 3210 loc.
472 3183 513 3209 cit.
543 3183 577 3209 de
604 3180 712 3209 Actibus
739 3182 842 3214 apost:
862 3181 1007 3214 Samaria,
1032 3183 1129 3207 custos.

173 3227 290 3254 subinde
308 3228 435 3260 allegatur
454 3228 491 3253 ΙΙΙ.
511 3228 577 3258 neg.
596 3226 645 3259 20,
665 3226 709 3261 39.

243 3270 255 3286 ⁴
273 3270 340 3298 Vide
359 3278 439 3304 supra
458 3278 520 3304 pag.
539 3270 589 3302 42,
607 3273 695 3296 notam
714 3270 740 3295 6.
757 3283 793 3289 -
818 3269 875 3296 Duo
899 3276 978 3307 seqq..-
994 3269 1043 3295 loci
1070 3271 1131 3295 sunt

174 3315 229 3342 lsai.
249 3315 296 3347 60,
317 3315 340 3340 l.
359 3318 385 3340 et
404 3314 472 3341 Tob.
492 3315 538 3348 43,
560 3314 600 3340 18.

244 3357 256 3373 ⁵
277 3360 349 3385 vers.
368 3359 412 3385 20.

245 3401 257 3418 ⁶
274 3403 387 3435 Hieron„
406 3402 440 3429 de
459 3401 589 3430 Nominib.
608 3401 728 3428 nebi-uic.
748 3405 801 3428 vet.
823 3405 923 3428 testam.
943 3401 977 3427 de
990 3401 1059 3427 libro
1072 3400 1128 3427 lesu

2078 222 2136 254 ttt7

1178 320 1260 344 mem
1286 311 1445 353 patientur
1476 315 1510 343 ut
1540 320 1633 344 canes
1662 315 1694 344 et
1725 310 1905 343 circuibunt
1933 310 2138 342 civitatem».

1180 383 1222 388 -
1245 364 1362 397 Omnes
1397 364 1428 396 hi
1464 368 1660 397 concurrunt
1691 364 1729 396 ad
1761 363 1941 402 Christum,
1974 363 2028 396 sed
2060 363 2141 395 iusti
2162 369 2289 391 sonandum.

1179 421 1328 460 tanquam
1352 417 1390 450 ad
1415 417 1637 459 mayel-nrum,
1670 420 1706 449 ut
1736 416 1908 449 doceantur
1937 416 2138 457 sapientiam,

1178 471 1271 513 quia,
1295 470 1469 503 secundum
1502 469 1579 502 illud
1604 469 1846 502 proverbiorum
1880 469 2002 506 non0⁸,
2032 482 2046 496 α
2064 468 2139 501 doce

1179 525 1317 563 iustum,
1334 528 1365 556 et
1381 523 1539 556 festinabit
1554 523 1696 564 accipere
1713 534 1743 560 »3
1760 526 1791 554 et
1808 522 2041 554 Deuteronomii
2066 530 2139 563 pen-

1179 577 1304 610 ultimo:
1335 589 1350 605 ι
1368 576 1427 618 Qui
1451 576 1705 618 appropinquant
1730 574 1862 616 pedibus
1892 575 1960 607 eius
1988 574 2140 615 accipient

1178 630 1217 663 de
1241 630 1384 663 doctrina
1407 630 1491 662 illius
1507 643 1537 660 n.
1563 628 1621 661 Sed
1641 633 1829 670 peccatores
1854 631 1889 660 ut
1912 628 1950 659 ad
1975 627 2139 665 amicum,

1179 689 1215 717 ut
1238 687 1449 726 assequantur
1474 682 1738 720 misericordiam;
1758 681 1837 713 infra
1853 680 1973 713 decimo
1989 681 2099 722 quinto
2113 680 2139 712 ⁹:

1185 752 1200 768 «
1218 738 1313 770 Erant
1336 737 1626 779 appropinquantes
1649 735 1687 767 ad
1714 735 1814 767 lesum
1841 734 1996 776 publicani
2021 738 2052 766 et
2070 742 2139 775 pec-

1179 796 1320 830 catores,
1352 794 1388 823 ut
1419 789 1565 822 audirent
1597 789 1685 821 illum
1703 801 1733 827 »;
1757 797 1776 820 a
1807 788 1924 830 quibus
1961 787 2062 829 primo
2086 787 2140 819 eii-

1180 845 1310 878 ciuntur
1333 843 1501 877 daemones
1525 851 1581 884 per
1604 841 1827 884 exputsionem
1853 840 1986 883 culpac,·
2003 840 2141 872 secundo

1181 902 1333 932 sanantur
1357 898 1387 930 in
1407 900 1505 930 ‘tactu
1539 904 1594 938 per
1626 895 1834 927 curationem
1861 893 2027 937 sequelae,
2053 893 2142 925 iuxta

1181 952 1265 995 quod
1288 951 1404 985 dicitur
1430 951 1459 984 in
1485 951 1623 984 Psalmo:
1653 962 1668 978 α
1686 949 1745 990 Qui
1776 949 1965 990 propitiatur
1996 947 2143 980 omnibus

1182 1005 1400 1049 iniquitatibus
1416 1005 1497 1043 tuis,
1514 1004 1569 1047 qui
1586 1006 1675 1037 sanat
1689 1011 1797 1036 omnes
1814 1002 2013 1035 infirmitates
2030 1005 2100 1033 tuas
2113 1014 2142 1032 ν.

1271 1060 1324 1094 49.
1354 1060 1391 1092 Et
1414 1059 1499 1102 ipse,
1524 1058 1655 1091 elevatis
1678 1056 1782 1090 ocutis
1798 1060 1856 1089 etc.
1876 1056 1945 1088 Post
1961 1055 2144 1088 electionem
2167 1059 2197 1080 ⁰0
2212 1060 2304 1086 ωιλαμ

1181 1113 1410 1156 discipulorum
1434 1116 1466 1145 et
1489 1111 1707 1145 attractionem
1731 1110 1911 1143 auditorum
1929 1109 2076 1141 subditur
2094 1108 2145 1141 hic
2168 1087 2302 1134 υὲῗιῗεὲἕῗιῖ

1182 1166 1358 1209 explicatio
1381 1166 1665 1198 documentorum.
1692 1163 1742 1196 Est
1766 1166 1870 1195 autem
1904 1170 1977 1204 pars
2002 1161 2057 1194 ista
2090 1162 2145 1193 tri·
2185 1142 2293 1187 ⁹⁰23*OE

1185 1219 1298 1262 partita
1321 1218 1494 1251 secundum
1520 1217 1597 1256 tria,
1621 1226 1759 1260 quorum
1797 1216 1906 1249 notitia
1929 1220 1976 1248 est
1999 1214 2036 1247 ad
2062 1215 2146 1247 salu—

1184 1276 1246 1305 tem
1271 1271 1464 1309 necessaria,
1490 1270 1607 1303 scilicet
1621 1269 1872 1312 praemiorum,
1890 1268 2145 1310 suppliciorum,

1165 1329 1444 1368 praeceptorum.
1471 1323 1574 1356 Prii'ua
1598 1323 1694 1365 igitur
1718 1331 1792 1364 pars
1823 1325 1871 1354 est
1902 1321 1939 1354 de
1960 1321 2144 1363 praemii&
2167 1326 2255 1347 nimio-

1184 1378 1322 1412 secunda
1344 1378 1383 1410 de
1406 1377 1599 1420 suppliciis,
1625 1376 1665 1409 ibi
1682 1376 1724 1408 ¹⁰:
1756 1376 1985 1407 Verumtamen
2012 1384 2070 1406 vae
2092 1384 2144 1407 vo-

1185 1431 1235 1464 bis
1257 1430 1440 1464 divitibus!
1465 1430 1557 1463 tertia
1584 1430 1623 1463 de
1652 1429 1857 1472 praeceptis,
1884 1428 1942 1460 ibi:
1969 1428 2031 1461 Sed
2054 1427 2145 1460 vobis

1184 1485 1278 1523 dico,
1302 1484 1362 1527 qui
1384 1483 1512 1516 auditis
1535 1486 1593 1516 etc.
1620 1483 1723 1515 Prima
1747 1490 1820 1524 pars
1851 1481 1989 1514 continet
2014 1480 2146 1522 promis-

1185 1538 1289 1571 siones
1313 1537 1544 1580 praemiorum3
1573 1535 1728 1574 secunda,
1753 1534 2009 1567 comminationes
2035 1542 2147 1575 poena—

1186 1600 1258 1625 rum
1290 1591 1356 1624 sive
1387 1590 1632 1632 suppliciorum;
1667 1588 1758 1621 tertia
1789 1597 1878 1626 vero,
1912 1588 1994 1630 leges
2020 1596 2153 1629 praece»

1186 1649 1324 1687 ptorum.
1352 1644 1381 1676 ln
1407 1643 1571 1685 promissis
1595 1642 1742 1685 praemiis
1769 1641 1938 1680 docemur,
1971 1640 2047 1683 quid
2078 1650 2148 1682 spe-

1187 1698 1357 1736 randum:
1381 1698 1411 1730 in
1436 1696 1633 1730 comminatis
1649 1695 1830 1738 suppliciis,
1848 1694 1923 1737 quid
1949 1694 2149 1731 timcmlum;

1188 1752 1218 1785 in
1244 1751 1419 1794 praeceptis
1444 1759 1534 1789 vero,
1558 1749 1634 1792 quid
1658 1748 1875 1792 operandum.

1276 1804 1367 1837 Circa
1386 1803 1643 1847 promissionem
1659 1805 1765 1835 autem
1793 1801 2036 1834 beatitudinum
2062 1805 2149 1841 nota,
2166 1806 2316 1836 Pammene-³

1187 1858 1273 1902 quod
1296 1861 1434 1901 quatuor
1458 1856 1627 1899 promittit,
1651 1855 1769 1889 scilicet
1793 1844 1951 1897 reynum,
1976 1855 2060 1897 quod
2077 1864 2151 1888 con·
2179 1838 2304 1890 Εἷὲιωιῗὲἶ

1188 1912 1269 1945 sistit
1286 1912 1315 1944 in
1334 1910 1571 1953 participatione
1586 1909 1709 1942 divinae
1726 1908 1904 1951 potestatis;
1922 1901 2150 1947 saturitatem,
2170 1891 2318 1939 ffissrmqffi.

1188 1969 1270 2008 quae
1294 1964 1435 1997 consistit
1467 1963 1497 1996 in
1530 1966 1626 2005 gustu
1660 1962 1784 1995 divinae
1819 1961 1984 2000 bonitatis;
2020 1961 2149 2000 risum,
2211 1942 2266 1961 ²⁰⁰¹*

1189 2018 1243 2061 qui
1267 2017 1409 2050 consistit
1433 2017 1463 2049 in
1488 2016 1757 2058 contemplatione
1781 2014 1904 2047 divinae
1932 2014 2094 2052 veritatis;
2119 2018 2150 2046 et

1189 2071 1368 2104 mercedem
1394 2070 1553 2108 multam,
1577 2078 1660 2112 quae
1683 2068 1825 2102 consistit
1856 2068 1885 2100 in
1910 2067 2076 2100 duratione
2099 2076 2150 2100 ae-

1191 2124 1355 2158 ternitatis.
1381 2123 1416 2156 Et
1440 2123 1517 2155 haec
1548 2126 1687 2164 quatuor
1710 2121 1916 2163 designantur
1939 2120 1978 2154 ad
2004 2120 2151 2163 Ephesios

1192 2178 1284 2211 tertio
1300 2178 1343 2209 ¹¹:
1373 2189 1389 2205 α
1406 2176 1444 2209 Ut
1468 2175 1610 2217 possitis,
1636 2173 1756 2216 inquit,
1780 2173 2048 2216 comprehendere
2079 2182 2150 2206 cum

1191 2231 1337 2264 omnibus
1360 2229 1498 2268 Sanctis,
1522 2236 1604 2270 quae
1628 2227 1668 2260 sit
1692 2227 1881 2270 tencauda,
1898 2226 2058 2265 latitudo,
2074 2226 2151 2259 sub-

1192 2284 1317 2318 limitas·
1340 2287 1371 2318 et
1391 2280 1604 2325 profundum
1619 2292 1652 2313 »ς
1677 2280 1846 2323 lonyitudo
1869 2280 2081 2318 aeternitatis,
2103 2279 2152 2312 la-

1193 2338 1298 2370 titudo
1314 2336 1480 2375 bonitatis,
1502 2334 1691 2368 sublimitas
1708 2333 1870 2377 potestatis
1886 2337 1917 2366 et
1930 2331 2152 2375 profunditas

1193 2390 1362 2433 sapientiae
1385 2390 1451 2423 sive
1475 2388 1625 2422 veritatis.
1649 2388 1728 2421 Haec
1744 2391 1850 2420 autem
1867 2391 2005 2429 quatuor
2022 2385 2152 2429 promit·
2171 2391 2318 2440 03:303&

1193 2444 1230 2477 tit
1252 2446 1391 2486 quatuor
1414 2442 1584 2485 generibus
1607 2441 1793 2474 meritorum
1817 2440 2006 2483 erigentium
2030 2448 2087 2472 nos
2114 2439 2153 2472 ad
2189 2447 2267 2466 tomm-

1193 2498 1292 2530 Deum
1317 2500 1349 2529 et
1372 2493 1613 2529 rectificantium
1638 2494 1772 2528 liberum
1798 2493 1966 2527 arbitrium
1998 2497 2151 2526 nostrum.

1194 2552 1343 2594 Reynum
1366 2549 1454 2582 enim*
1470 2548 1654 2591 ‹mutemiae
1670 2547 1866 2590 promittitur
1882 2546 2154 2580 contemnentibus

1194 2604 1275 2636 bona
1299 2601 1499 2645 temporalia,
1524 2600 1701 2634 cuiusmodi
1737 2604 1811 2633 sunt
1831 2608 2021 2643 pauperes,-
2044 2598 2153 2631 eonvi-

1194 2657 1285 2690 vium
1310 2654 1539 2688 abundantiae
1572 2653 1825 2690 desiderantibus
1848 2652 2042 2695 spiritualia,
2066 2656 2097 2685 et
2121 2651 2152 2684 hi

1194 2710 1374 2743 esurientes
1395 2709 1564 2747 dicuntur;
1581 2707 1673 2740 risus
1689 2702 1911 2739 iucunditatis
1927 2705 2155 2739 detestantibus

1193 2913 1302 2946 (losue):
1325 2913 1428 2946 Tyrus,
1452 2917 1521 2945 quoe
1549 2910 1676 2937 Rebi-alce
1702 2909 1798 2936 dicitur
1826 2907 1895 2940 Sor,
1914 2911 1940 2934 et
1968 2907 2153 2939 interpretatur

1192 2958 1336 2989 tribulatio,
1356 2957 1412 2983 sive
1432 2955 1565 2988 angustia,
1584 2955 1625 2981 vel
1646 2954 1777 2981 tortitudo.
1798 2967 1834 2972 —
1852 2953 2003 2986 Sequuntur
2016 2951 2093 2978 Eccli.
2108 2951 2153 2983 27,

1192 3004 1218 3029 2.
1236 3005 1262 3030 et
1281 3001 1313 3033 5,
1335 3002 1376 3026 io.

1262 3044 1272 3060 '
1291 3046 1405 3077 Hieron„
1425 3045 1473 3070 loe.
1492 3044 1534 3070 cit.
1548 3044 1582 3070 de
1596 3044 1682 3070 Deut.:
1703 3041 1800 3074 Sidon,
1820 3041 1925 3068 venatio
1944 3041 2075 3071 tristitiae,
2095 3040 2152 3066 sive

1192 3091 1320 3117 inutilitas.
1343 3089 1407 3116 ibid.
1426 3096 1489 3115 nov.
1508 3091 1609 3114 testam.
1629 3088 1663 3114 de
1682 3087 1825 3113 matthaeo:
1845 3085 1962 3117 Sidona,
1983 3084 2096 3111 venatio.
2117 3097 2152 3103 —

1193 3134 1311 3161 Subinde
1329 3135 1456 3166 allegatur
1476 3133 1517 3158 ΡΒ.
1536 3132 1585 3165 58,
1604 3132 1631 3158 7.

1264 3177 1275 3193 ⁸
1296 3179 1369 3204 Vers.
1390 3178 1421 3208 9,
1440 3180 1500 3209 post
1517 3183 1598 3210 quem
1619 3176 1693 3201 Deut.
1713 3175 1757 3206 33,
1777 3175 1802 3200 3.

1263 3221 1276 3236 ⁹
1296 3222 1370 3248 vers.
1393 3222 1415 3247 t.
1433 3233 1469 3239 —
1488 3220 1596 3246 lnrerius
1614 3219 1742 3251 allegatur
1763 3218 1804 3243 Ps.
1828 3217 1875 3242 ¹02
1889 3236 1896 3248 ,
1917 3216 1942 3242 3.

1265 3265 1288 3282 ¹⁰
1307 3267 1381 3293 Vers.
1402 3265 1435 3291 24
1446 3275 1453 3296 ;
1472 3264 1545 3296 tertia
1565 3270 1626 3297 pars
1644 3266 1684 3289 est
1702 3269 1728 3288 v.
1749 3261 1791 3288 27.
1812 3265 1847 3281 —'
1867 3260 1994 3293 Superius
2007 3266 2055 3292 pro
2073 3260 2157 3285 attin·

1192 3311 1306 3339 ctionem
1326 3311 1388 3337 Vnt·
1407 3308 1591 3339 attentionem.

1265 3353 1286 3369 ¹¹
1309 3354 1381 3380 Vei-s.
1403 3354 1445 3379 ⁴8.
1463 3366 1499 3372 —
1517 3351 1624 3378 interius
1643 3357 1691 3383 pro
1716 3348 1830 3377 latitudo
1859 3347 1999 3379 bonitatis,
2019 3346 2101 3372 ΕΒΗ
2122 3345 2158 3371 Ια-

1194 3399 1278 3427 titudo
1298 3397 1429 3425 ctu-imis.
