2476 3921
191 571 299 598 EpiloguS.

321 263 384 296 366

320 353 405 383 tanto
440 352 604 380 terrenam
643 346 789 388 qloriam
824 344 937 377 minus
972 344 1209 386 appretiatur;
1245 347 1275 376 et

319 405 436 444 quanto
460 400 565 433 minus
588 407 656 432 eam
672 398 887 440 appretiatur,
905 400 991 430 tanto
1006 396 1104 438 magis
1128 405 1196 429 eam
1213 396 1276 429 cal-

319 457 369 488 cat
387 458 418 487 et
442 457 527 485 tanto
543 451 641 493 magis
657 450 885 493 superponitur
900 449 1046 483 omnibus
1061 449 1274 488 inferioribus,

319 512 350 541 et
380 508 423 539 ita
454 509 540 539 tanto
576 504 675 537 maior
710 504 864 543 efficitur;
900 503 995 535 Isaiae
1029 501 1225 544 sexagesimo
1245 503 1273 533 ²:

324 573 340 589 α
356 560 469 592 Ponam
500 561 530 591 te
561 558 593 590 in
624 556 804 598 superbiam
837 555 1035 589 saeculorum
1052 568 1083 587 ».
1109 573 1151 578 —
1176 554 1274 596 Igitur

316 612 418 646 omnis
441 620 473 644 se
496 610 656 648 exaltans,
680 612 799 652 quanto
833 608 932 650 magis
956 617 989 641 se
1019 608 1156 646 exaltat,
1188 610 1274 640 tanto

315 665 414 707 magis
436 664 566 705 elonqat
582 671 614 695 se
638 672 656 695 a
678 661 930 704 superi‘oribu35
954 664 985 693 et
1008 664 1127 702 quanto
1151 669 1184 692 se
1208 668 1274 692 ma-

315 718 362 759 gis
385 717 509 758 elongat
535 725 554 748 a
576 715 816 757 superioribus,
842 717 928 747 tanto
956 714 1055 756 magis
1089 713 1210 746 recedit
1231 712 1273 745 ab

315 769 548 807 interioribus,
565 777 601 801 ac
619 777 675 811 per
692 768 751 801 hoc
773 770 858 800 tanto
882 767 982 809 magis
1004 766 1139 799 subiicit
1165 776 1200 799 se
1222 766 1274 799 in-

312 822 503 865 ferioribus.
531 822 610 864 Ergo
633 825 752 863 quanto
775 821 847 863 quis
878 820 977 862 magis
1005 820 1154 859 effertur,
1186 822 1274 852 tanto

313 876 412 918 magis
446 875 620 908 secundum
654 874 819 907 veritatem
851 873 997 907 deiicitur
1033 876 1064 906 et
1098 872 1272 905 secundum

312 929 454 962 divinum
482 928 633 961 iudicium
665 931 713 960 est
736 926 942 965 deiiciendus;
977 929 1009 959 et
1043 935 1061 959 e
1093 925 1269 964 contrario,

311 982 428 1021 omnis,
452 981 507 1024 qui
531 990 564 1014 se
588 981 751 1019 humiliat,
776 982 895 1022 quanto
918 979 1018 1021 magis
1033 987 1067 1011 se
1083 978 1272 1017 humiliat2,

313 1037 399 1067 tanto
422 1034 521 1076 magis
552 1033 803 1076 appropinquat
833 1032 878 1065 ad
907 1031 1092 1074 superiora
1121 1034 1152 1064 et
1188 1033 1273 1063 tanto

312 1087 411 1129 magis
441 1087 527 1120 redit
549 1085 597 1119 ad
618 1086 781 1119 interiora
812 1088 843 1118 et
860 1088 946 1118 tanto
968 1084 1067 1125 magis
1091 1083 1198 1116 calcat
1222 1083 1273 1116 in-

289 1132 292 1136 *
310 1140 464 1184 seriora:
497 1149 572 1182 ergo
606 1142 726 1182 quanto
753 1139 853 1181 magis
883 1147 916 1171 se
940 1137 1085 1170 humiliat
1108 1137 1168 1170 sub
1190 1137 1271 1176 Deo,

154 1309 229 1336 Quoad
243 1309 296 1330 invi-

170 1338 247 1366 tantes·
254 1336 282 1357 ad

165 1368 285 1383 convivium

172 1389 278 1410 familiare
311 1405 316 1410 .

168 1418 230 1441 tanga
234 1418 283 1436 ntur

198 1443 247 1463 duo.

165 1627 245 1653 Primo,
261 1633 296 1649 cu-

144 1654 227 1675 rialitas
236 1660 296 1675 mun-

143 1681 199 1702 dana
222 1686 296 1711 repro-

143 1708 206 1728 batur
227 1708 296 1735 tripli-

142 1735 203 1755 citer.

156 1840 245 1861 Occasio
261 1840 289 1861 ad

146 1866 298 1888 retrahendum

149 1899 162 1914 a
176 1893 296 1914 curialitate

165 1919 281 1941 mundana.

158 2317 288 2340 Notandum.

311 1197 398 1227 tanto
421 1194 520 1236 magis
543 1193 704 1226 exaltatur
727 1192 833 1225 divino
856 1191 980 1224 iudicio.

399 1248 451 1279 26.
477 1246 579 1287 (Vers.
607 1245 682 1286 12).
708 1244 841 1278 Dicebat
872 1248 984 1277 autem
1015 1248 1073 1277 etc.
1104 1244 1272 1286 Postquam

310 1299 491 1334 informavit
513 1299 660 1332 invitatos
690 1298 729 1331 ad
761 1298 941 1331 convivium
965 1297 1123 1339 nuptiale,
1148 1297 1200 1330 hic
1224 1305 1272 1330 se-

306 1351 419 1385 cundo*
430 1351 578 1384 informat
593 1350 772 1383 invitantes
788 1350 835 1383 ad
850 1349 1038 1382 convivium
1054 1348 1229 1391 familiare
1242 1349 1272 1387 ³,-

309 1414 341 1438 1n
365 1413 429 1447 qua
451 1404 670 1437 informatione
693 1403 795 1445 primo
812 1401 952 1436 retrahit
968 1402 1147 1435 invitantes
1170 1412 1192 1434 a
1215 1412 1273 1435 cu-

310 1457 458 1503 rialitate
491 1456 667 1489 mundana
675 1468 687 1494 ;
711 1455 851 1489 secundo
886 1455 991 1488 allicit
1020 1455 1067 1488 ad
1097 1455 1273 1489 caritatem

309 1510 480 1549 divinam,
505 1510 591 1542 ibi⁴:
617 1509 680 1542 Sed
704 1519 780 1542 cum
804 1507 893 1552 facis
916 1508 1115 1541 convivium.

401 1562 583 1597 Retrahens
606 1563 703 1606 igitur
728 1573 750 1596 a
772 1562 950 1595 mundana
974 1562 1186 1600 curialitate,
1211 1562 1273 1595 tria

310 1608 483 1650 introducit
513 1617 552 1650 ad
583 1616 766 1650 huiusmodi
798 1615 1019 1649 retractionem
1032 1616 1056 1654 ⁵,
1080 1615 1199 1648 scilicet
1221 1624 1272 1648 oc-

309 1670 475 1703 casionem
499 1670 724 1708 inducentem,
741 1668 1000 1702 eaeltortationem
1022 1668 1225 1701 erudientem
1241 1671 1273 1701 et

311 1723 475 1756 rationem
495 1723 760 1766 persuadentem.

397 1776 500 1809 Primo
522 1785 598 1819 ergo
613 1779 768 1818 quantum
784 1775 822 1808 ad
839 1775 1043 1808 occasionem
1064 1775 1271 1807 inducentem

307 1829 398 1863 dicit:
425 1829 560 1863 Dicebat
581 1833 693 1862 autem
717 1833 747 1862 et
769 1829 800 1862 ei
821 1829 881 1872 qui
906 1838 941 1861 se
964 1828 1183 1861 invitaverat(
1208 1829 1270 1861 Hoc

307 1882 376 1915 ideo
399 1882 444 1915 illi
466 1882 603 1922 dicebat,
628 1883 702 1924 quia
734 1882 876 1915 invitatio
907 1882 991 1915 illius
1022 1881 1106 1914 dedit
1134 1881 1271 1914 occasio-

308 1944 381 1969 nem
397 1935 545 1978 loquendi
561 1935 599 1969 de
622 1935 714 1968 modo
738 1935 905 1974 invitandi,
922 1934 1095 1968 secundum
1120 1934 1198 1967 illud
1215 1935 1271 1968 Ec-

307 1989 469 2022 clesiastici
495 1988 645 2031 vigesimo
668 1989 844 2031 septim0⁶:
874 2002 890 2017 α
906 1988 939 2021 1η
962 1988 1066 2021 medio
1096 1988 1269 2021 insensato-

306 2051 379 2075 rum
403 2051 495 2075 serva
518 2042 652 2075 verbum
675 2041 857 2084 tempori».
884 2040 939 2074 Vel
966 2041 1036 2074 ideo
1059 2040 1104 2073 illi
1127 2040 1269 2080 dicebat,

306 2098 343 2128 ut
369 2094 559 2128 ministranti
583 2095 778 2137 corporalem
802 2090 1270 2135 sustentationem'rependeret

306 2148 502 2190 spiritualem
534 2147 743 2181 eruditionem
757 2173 765 2187 ,
797 2151 833 2181 ut
864 2147 909 2181 sic
940 2146 1077 2180 vicissim
1109 2146 1269 2186 ostendat,

305 2201 387 2234 dona
405 2201 510 2234 divina
533 2210 601 2234 esse
618 2200 892 2239 communicanda,
914 2199 1087 2233 secundum
1111 2199 1188 2232 illud
1204 2199 1270 2241 pri-

307 2263 376 2288 mae
399 2254 481 2287 Petri
498 2258 612 2296 quarto
625 2254 652 2286 ⁷:
683 2267 698 2283 a
715 2253 939 2296 Unusquisque
958 2253 1041 2286 sicut
1062 2252 1182 2295 accepit
1198 2261 1269 2294 gra-

307 2307 400 2347 tiam,
424 2307 456 2340 in
471 2308 663 2340 alterutrum
687 2307 772 2340 illam
796 2306 1052 2339 administrantes
1068 2318 1098 2337 ι».
1117 2323 1158 2329 —-
1182 2304 1269 2338 Unde

307 2361 408 2395 forma
426 2361 525 2408 *datur
548 2361 617 2394 viro
641 2360 797 2403 spirituali
821 2359 1002 2402 suscipienti
1026 2358 1132 2392 cibum
1156 2367 1268 2401 corpo-

308 2526 356 2553 nisi
375 2526 482 2559 quando
501 2525 655 2552 dividitur...
674 2526 704 2551 Et
722 2525 795 2557 quod
813 2525 870 2557 ipsa
889 2528 986 2558 quanto
1006 2526 1091 2557 magis
1110 2528 1271 2557 aggregatur

308 2573 334 2596 et
353 2570 449 2600 unitur,
469 2573 538 2595 tanto
558 2570 618 2601 pius
636 2569 819 2600 magnificatur
839 2572 864 2594 et
888 2569 1068 2595 vehementior
1091 2569 1119 2595 ῆι
1143 2573 1169 2595 et
1193 2569 1272 2595 efficit

309 2614 475 2646 operationes
500 2613 631 2639 mirabiles
650 2617 698 2639 etc.
717 2627 753 2632 —
772 2613 898 2645 Superius
917 2620 965 2645 pro
984 2613 1109 2647 Amplius
1130 2614 1187 2640 Vat.
1206 2616 1270 2640 Am-

312 2657 428 2685 brosius.

381 2702 389 2716 ¹
410 2703 484 2728 Vers.
505 2703 547 2728 15.
565 2716 601 2721 -
620 2702 747 2734 Superius
765 2709 814 2734 pro
833 2701 957 2729 omnibus
976 2701 1150 2736 inferioribus
1171 2702 1216 2736 (ita
1235 2704 1270 2736 H,

309 2747 351 2774 cui
377 2747 518 2772 concordat
536 2747 569 2779 Β,
588 2746 634 2779 qui
654 2749 740 2772 tamen
759 2746 832 2772 addit
850 2746 892 2772 vel
909 2746 1105 2780 superioribus)
1128 2749 1148 2773 A
1159 2747 1179 2774 C
1191 2748 1271 2774 DFG

310 2789 434 2817 omnibus
447 2789 645 2824 superioribus,
660 2791 678 2815 Ε
692 2790 753 2822 legit
766 2792 866 2824 quanto
879 2790 966 2824 maqis
979 2791 1175 2825 superponitur
1188 2792 1271 2819 omni·

310 2833 374 2866 bus,
393 2832 519 2867 superioi·
537 2833 657 2868 efficitur.
677 2834 797 2860 Fortasse
816 2834 849 2860 ita
868 2834 1010 2867 legendum
1034 2836 1060 2861 et
1082 2837 1157 2862 tanto
1182 2836 1270 2870 maqis

309 2878 502 2912 superponitur
521 2877 644 2905 omnibus
669 2877 710 2905 vel
728 2878 853 2912 superior
872 2878 994 2913 efficitur.
1013 2880 1070 2905 Vat.
1093 2882 1168 2907 tanto
1181 2880 1270 2914 maqis

310 2922 411 2955 calcat,
430 2924 454 2948 et
472 2923 573 2956 quanto
592 2922 680 2956 ‹mimi-3
699 2929 759 2949 eam
778 2922 879 2955 calcat,
899 2924 973 2950 tanto
990 2922 1027 2949 ad
1037 2923 1200 2950 sublimiora
1211 2931 1271 2951 sur-

311 2966 421 2999 ripitur.
1126 2986 1127 2989 ,

381 3009 391 3025 ²
410 3010 495 3037 Codd.
512 3012 532 3037 A
543 3010 562 3037 C
573 3011 653 3037 DFH
673 3011 795 3037 omittunt
813 3012 915 3045 quanto
934 3010 1021 3045 mayis
1040 3018 1068 3038 se
1087 3011 1221 3038 humiliat.

381 3053 392 3068 ³
411 3054 464 3081 Csr.
483 3062 563 3087 supra
581 3062 609 3081 n.
629 3055 670 3081 tt.

381 3098 392 3113 ⁰
411 3100 459 3125 Pro
478 3098 659 3126 curialitatem
677 3099 797 3127 divinam
818 3100 863 3133 (ita
883 3100 940 3127 Vat.
960 3103 985 3125 et
1003 3100 1045 3126 alii
1065 3100 1154 3134 codd.)
1174 3100 1271 3127 substi-

310 3143 408 3169 tuimus
426 3151 456 3169 ex
475 3144 496 3168 ll
516 3143 657 3171 caritatem
676 3143 808 3177 divinam,
827 3145 900 3178 quod
920 3145 983 3170 intra
998 3152 1023 3170 n.
1037 3145 1080 3171 30.
1097 3145 1175 3171 etiam
1189 3145 1271 3172 CDG'

310 3189 420 3226 habent,
441 3190 467 3215 in
485 3196 538 3222 quo
567 3189 588 3215 H
610 3196 659 3222 pro
678 3188 830 3216 curialitate
851 3189 992 3216 mundana
1015 3189 1093 3215 habet
1115 3189 1271 3217 curiositate

309 3233 459 3260 mundana.
978 3232 989 3247 ⁵
1009 3234 1067 3260 Vat.
1086 3233 1270 3261 resectionem.

380 3275 392 3291 ⁶
411 3278 486 3304 Vers.
506 3277 553 3309 13,
572 3277 618 3303 ubi
637 3285 686 3310 pro
705 3277 908 3305 insert-satorum
926 3277 976 3304 AC
987 3278 1039 3304 DG
1057 3280 1239 3306 smzsatorum.

383 3319 393 3335 ⁷
414 3322 488 3348 Vers.
509 3322 552 3347 ⁴0.
569 3335 605 3341 —
625 3322 829 3354 Theopnylact„
848 3322 874 3348 in
892 3323 954 3349 Luc.
982 3322 1030 3354 14,
1055 3323 1098 3349 42.
1122 3330 1214 3356 seqq.:
1234 3323 1269 3348 Ex

311 3365 417 3392 duobus
436 3365 579 3398 generibus
597 3366 734 3393 constabat
752 3366 922 3393 convivium:
942 3374 972 3393 ex
991 3368 1106 3398 vocatis,
1125 3370 1150 3394 et
1169 3367 1210 3394 his
1224 3367 1271 3400 qui

310 3409 450 3437 vocabant.
469 3411 629 3437 vocatorum
648 3416 733 3442 genus
749 3410 848 3437 salubri
861 3411 1039 3440 admonitione
1051 3412 1085 3438 ad
1098 3411 1271 3438 humilitatem

903 255 1096 290 COMMENT.
1121 255 1158 288 IN
1183 255 1419 288 EVANGELIUM
1444 255 1559 288 LUCAE
1583 254 1614 287 C.
1638 255 1714 288 XIV.

1339 343 1452 382 ratem,
1484 346 1520 376 ut
1551 343 1666 385 hospiti
1698 352 1756 376 suo
1787 343 1945 385 dispenset
1975 342 2189 385 spiritualem,
2217 343 2298 377 sicut

1338 396 1518 429 insinuatur
1549 405 1647 437 supra
1669 395 1790 429 decimo
1801 395 1826 435 ⁸,
1857 395 1942 438 quod
1977 408 1993 424 α
2009 396 2130 428 Martha
2160 396 2298 439 suscepit

1338 448 1498 481 Christum
1522 448 1555 481 in
1578 448 1705 481 domum
1730 457 1836 487 suam,
1860 451 1892 480 et
1914 457 2004 480 soror
2027 448 2096 481 eius
2119 449 2229 488 Maria,
2250 458 2298 483 se-

1338 501 1415 534 dens
1438 510 1529 534 secus
1552 501 1646 543 pedes
1669 501 1807 538 Domini,
1831 501 1978 534 audiebat
2001 501 2134 534 verbum
2158 498 2243 535 illius
2265 515 2296 534 ».

1338 554 1370 587 ln
1395 554 1486 587 cuius
1505 554 1718 597 designatione
1741 554 1816 588 dicit
1831 555 1960 596 Sapiens
1975 554 2014 588 de
2037 555 2193 597 Sapientia
2207 555 2298 588 Chri-

1338 610 1386 640 sto
1407 607 1580 649 Sapientiae
1603 611 1732 640 octavo:
1750 620 1766 636 <2
1784 608 1933 650 Proposui
1951 608 2031 641 hanc
2047 607 2203 641 adducere
2219 608 2297 641 mihi

1337 660 1377 693 ad
1400 652 1644 699 convivandum}
1668 661 1784 700 sciens,
1800 660 1950 703 quoniam
1973 660 2216 693 communicabit
2232 669 2299 694 me-

1338 723 1411 747 cum
1435 713 1473 746 de
1497 713 1602 753 bonis,
1625 716 1656 746 et
1679 714 1740 746 erit
1762 713 1910 747 allocutio
1932 713 2128 755 cogitationis
2150 717 2182 747 et
2205 714 2297 747 taedii

1338 767 1398 800 mei
1417 780 1446 799 n.
1472 767 1504 800 In
1529 767 1589 800 hoc-
1612 767 1705 800 etiam
1728 767 1823 800 datur
1846 767 1962 806 forma,
1986 766 2071 809 quod
2091 766 2123 799 in
2146 767 2297 800 conviviis

1338 820 1480 853 virorum
1497 820 1708 862 spiritualium
1725 820 1902 862 spiritualia
1917 819 2014 853 verba
2033 819 2192 852 miscenda
2207 822 2295 859 sunt3

1337 872 1406 905 ideo
1430 872 1625 906 consuetudo
1639 876 1697 911 est,
1721 871 1806 914 quod
1822 872 1853 905 in
1873 872 2028 914 corporali
2053 871 2220 905 refectione
2240 872 2298 905 mi-

1337 929 1462 959 sceatur
1480 926 1570 959 lectio
1585 926 1768 968 spiritualis,
1784 928 1914 967 propter
1930 925 2009 958 illud
2025 925 2157 958 verbum
2175 925 2297 958 Domini

1337 979 1571 1012 Deuteronomii
1595 978 1730 1012 octavo⁹
1754 982 1785 1012 et
1812 979 1958 1011 Matthaei
1981 982 2113 1020 quarto:
2142 991 2158 1007 «ι
2175 978 2240 1012 Non
2263 978 2296 1012 in

1337 1032 1403 1064 solo
1419 1040 1498 1074 pane
1522 1032 1599 1064 vivit
1616 1032 1724 1070 homo,
1744 1031 1798 1065 sed
1822 1031 1853 1064 in
1869 1031 1956 1064 omni
1979 1031 2091 1070 verbo,
2108 1031 2193 1074 quod
2208 1040 2298 1074 egre-

1336 1083 1423 1117 ditur
1446 1084 1485 1117 de
1507 1093 1562 1117 ore
1585 1084 1757 1117 Domini».

1427 1138 1479 1169 27.
1504 1137 1646 1170 Secundo
1670 1139 1824 1179 quantum
1848 1137 1886 1170 ad
1903 1136 2163 1170 exhortationem
2182 1137 2298 1171 erudi-

1336 1193 1439 1223 entem
1462 1190 1589 1223 subdit:
1616 1190 1699 1223 Cum
1729 1188 1820 1233 facis
1839 1190 2029 1232 prandium
2052 1194 2114 1224 aut
2143 1199 2296 1224 coenam.-

1334 1243 1523 1285 prandium
1547 1244 1579 1276 in
1603 1252 1695 1276 mane
1715 1247 1746 1276 et
1770 1253 1905 1280 coenam
1930 1243 1961 1276 in
1990 1252 2130 1286 vespere.
2155 1262 2199 1267 —
2222 1243 2299 1277 Noli

1336 1306 1456 1330 vocare
1479 1297 1605 1330 amicos
1636 1301 1728 1336 tuos,
1760 1297 1882 1330 ratione
1912 1296 2123 1335 sodalitatis;
2151 1296 2297 1330 Matthaei

1337 1350 1448 1393 quinto
1462 1350 1505 1382 ¹⁰:
1535 1363 1551 1379 «
1572 1350 1603 1383 Si
1625 1349 1753 1392 diligitis
1783 1359 1837 1383 eos
1860 1350 1915 1392 qui
1939 1359 1995 1383 vos
2025 1350 2174 1392 diligunt,
2197 1358 2294 1392 quam

1338 1403 1514 1436 mercedem
1537 1403 1714 1436 habebitis?
1730 1403 1838 1436 Nonne
1853 1406 1885 1436 et
1906 1402 2023 1436 ethnici
2047 1402 2108 1436 hoc
2123 1402 2243 1435 faciunt
2257 1405 2297 1435 »ἲ

1337 1456 1412 1498 quia
1433 1455 1550 1489 dicitur
1574 1456 1779 1489 Ecclesiastici
1807 1455 1967 1498 trigesimo
1991 1455 2141 1498 septimo:
2171 1469 2187 1485 «
2203 1455 2297 1500 Soda-

1337 1509 1375 1542 lis
1391 1509 1492 1542 amico
1515 1509 1658 1543 condolet
1674 1518 1769 1542 causa
1791 1509 1911 1542 ventris
1933 1512 1965 1542 et
1981 1512 2091 1542 contra
2106 1509 2229 1542 hostem
2245 1518 2297 1543 ac-

1337 1562 1430 1605 cipiet
1461 1566 1586 1596 scutum
1611 1575 1641 1594 ».
1667 1561 1777 1606 Neque
1799 1565 1971 1605 coqnatos,
2003 1562 2123 1596 ratione
2151 1561 2297 1606 affinita-

1337 1615 1399 1654 tis;
1424 1615 1628 1648 Ecclesiastici
1651 1615 1771 1648 decimo
1787 1619 1897 1648 octavo
1910 1616 1954 1647 1¹:
1983 1627 2000 1643 α
2015 1614 2172 1648 Miseratio
2194 1614 2296 1648 homi—

1335 1668 1385 1701 nis
1408 1668 1491 1702 circa
1514 1669 1697 1711 proximum
1722 1677 1835 1708 suum;
1858 1668 2074 1701 misericordia
2104 1671 2210 1701 autem
2241 1668 2296 1701 Dei

1336 1730 1432 1764 super
1455 1730 1581 1754 omnem
1606 1730 1732 1755 carnem
1748 1734 1779 1753 n.
1805 1720 1913 1765 Neque
1935 1721 2078 1759 vicino&
2102 1721 2224 1755 ratione
2239 1720 2296 1764 fa-

1335 1774 1545 1807 miliaritatis
1553 1786 1565 1813 ;
1581 1778 1756 1817 quocontra
1773 1774 1866 1808 tertia
1880 1774 2035 1807 Canonica
2051 1774 2190 1807 loannis:
2212 1787 2229 1803 α
2243 1774 2297 1807 Ca-

1335 1827 1476 1874 rissimo,
1501 1827 1636 1861 fideliter
1660 1827 1752 1867 sacis,
1776 1827 1930 1870 quidquid
1953 1827 2096 1870 operaris
2110 1827 2143 1860 in
2166 1827 2295 1867 fratres,

1334 1884 1365 1914 et
1396 1881 1456 1913 hoc
1480 1880 1527 1926 in„
1543 1881 1742 1923 peregrinos,
1766 1880 1821 1923 qui
1853 1880 2066 1914 testimonium
2090 1880 2296 1914 reddiderunt

1334 1933 1457 1966 caritati
1481 1937 1554 1972 tuae
1570 1947 1600 1966 n.
1627 1933 1736 1978 Neque
1751 1933 1889 1976 fratres,
1915 1933 2036 1966 ratione
2059 1933 2296 1976 consanyuini-

1335 1987 1429 2026 tatis,
1446 1987 1522 2029 quia
1536 1987 1652 2020 dicitur
1666 1988 1708 2020 ¹²:
1730 2000 1746 2016 α
1759 1987 1952 2021 Obliviscere
1975 1987 2128 2029 populum
2152 1990 2244 2020 tuum
2264 1989 2295 2020 et

1333 2040 1462 2073 domum
1486 2040 1586 2082 patris
1609 2040 1655 2073 tui
1671 2052 1708 2079 »ς
1732 2043 1764 2073 et
1786 2040 2019 2074 Deuteronomii
2045 2040 2205 2082 trigesimo
2232 2042 2295 2074 ter-

1333 2093 1392 2126 tio:
1416 2107 1432 2123 α
1447 2093 1507 2135 Qui
1529 2093 1682 2127 dixerunt
1705 2093 1873 2126 fratribus:
1898 2094 2008 2136 lgnoro
2031 2093 2118 2133 illos,
2143 2093 2175 2126 hi
2191 2096 2295 2127 custo-

1333 2146 1425 2180 diunt
1440 2147 1541 2189 legem
1565 2150 1652 2180 tuam
1668 2159 1684 2176 υ
1706 2150 1765 2180 etc.
1786 2146 1895 2190 Neque
1910 2146 2042 2186 divites,
2067 2146 2188 2180 ratione
2200 2156 2295 2190 pom-

1331 2200 1506 2243 positatis;
1529 2200 1605 2242 quia
1627 2199 1744 2233 dicitur
1766 2194 1849 2233 infra
1870 2199 1993 2233 decimo
2016 2202 2108 2233 sexto
2121 2200 2165 2233 ¹³:
2187 2213 2204 2229 α
2220 2200 2294 2233 Erat

1333 2252 1461 2295 quidam
1484 2252 1586 2291 dives,
1614 2252 1669 2295 qui
1693 2252 1884 2286 induebatur
1915 2261 2062 2295 purpura
2084 2256 2116 2286 et
2145 2252 2240 2295 bysso
2263 2255 2295 2286 et

1332 2305 1521 2347 epulabatur
1552 2305 1693 2348 quotidie
1720 2305 1881 2348 splendide
1897 2317 1932 2346 1>;
1965 2309 1996 2339 et
2023 2310 2094 2348 post
2124 2306 2290 2346 subditur,

1332 2358 1416 2401 quod
1445 2371 1461 2388 α
1477 2358 1621 2401 sepultus
1643 2361 1691 2392 est
1714 2358 1746 2391 in
1770 2358 1893 2392 inferno
1908 2372 1939 2392 ι).
1957 2377 1999 2383 -
2017 2359 2078 2393 Hoc
2101 2362 2208 2393 autem
2231 2367 2295 2393 non

1335 2525 1499 2552 induxerat...
1518 2526 1591 2551 Nunc
1610 2528 1635 2551 et
1654 2525 1682 2551 in
1710 2531 1772 2550 eum
1798 2524 1843 2557 qui
1869 2527 2022 2555 vocaverat,
2048 2524 2164 2550 vicissim
2188 2523 2296 2550 liberali·

1335 2574 1414 2597 tatem
1433 2577 1509 2596 suam
1528 2573 1656 2596 exercet...
1677 2569 1813 2595 abducens
1825 2576 1886 2595 eum
1895 2588 1902 2600 ‚
1914 2576 1947 2595 ne
1960 2569 2081 2595 convivia
2095 2569 2235 2594 constituat
2247 2570 2296 2594 hu-

1335 2616 1407 2641 mani
1426 2615 1549 2642 favoris...
1569 2615 1661 2647 gratia.

1405 2657 1417 2673 ⁸
1436 2660 1511 2685 Vers.
1531 2660 1574 2685 38.
1594 2662 1619 2685 et
1639 2660 1681 2685 39.
1700 2672 1735 2678 —
1755 2657 1873 2684 Subinde
1892 2658 2018 2690 allegatur
2046 2658 2107 2690 Sap.
2137 2658 2166 2690 8,
2192 2658 2223 2689 9,
2248 2656 2294 2683 ubi

1335 2707 1394 2737 post
1413 2703 1444 2730 de
1464 2703 1538 2730 bonis
1558 2703 1576 2730 C
1588 2704 1609 2729 D
1627 2703 1729 2729 addunt
1746 2702 1818 2735 suis,
1837 2702 1871 2728 de
1888 2709 1942 2735 quo
1968 2702 2014 2728 cfr.
2036 2701 2182 2728 Comment.
2203 2702 2228 2728 S.
2248 2702 2295 2728 Bo-

1333 2755 1396 2774 nav.
1416 2748 1441 2774 in
1461 2749 1531 2774 huuc
1549 2749 1600 2773 loc.

1405 2791 1417 2806 ⁹
1436 2793 1512 2819 Vers.
1531 2793 1562 2823 3,
1582 2795 1641 2824 post
1659 2798 1740 2825 quem
1766 2791 1853 2817 Matth.
1880 2790 1908 2822 4,
1935 2790 1967 2823 Δις
1993 2791 2039 2816 cfr.
2064 2797 2144 2823 supra
2164 2790 2195 2822 4,
2216 2790 2240 2816 4.
2258 2804 2294 2810 —

1335 2836 1462 2869 Superius
1491 2843 1539 2868 pro
1570 2835 1646 2862 lectio
1673 2834 1825 2869 spiritualis
1844 2834 1957 2861 ACDG
1976 2833 2088 2866 locutio,
2110 2834 2153 2860 cui
2178 2834 2293 2861 secunda

1335 2888 1429 2907 manus
1448 2881 1474 2906 in
1493 2881 1515 2906 D
1533 2880 1607 2906 addit
1625 2886 1721 2906 sacrae
1738 2878 1899 2913 scriptume
1907 2888 1918 2912 ‚·
1936 2879 1959 2904 H
1983 2879 2057 2912 ponit
2082 2878 2172 2911 lectio,
2194 2879 2293 2905 omisso

1334 2924 1496 2959 spiritualis.

1407 2967 1429 2983 ¹⁰
1448 2969 1523 2995 Vers.
1544 2968 1591 3000 46,
1610 2972 1671 3000 post
1697 2975 1777 3001 quem
1806 2968 1882 2994 Eccli.
1910 2968 1959 3001 37,
1979 2968 2003 2994 5.
2022 2982 2056 2988 -
2076 2969 2166 2994 Glossa
2191 2967 2293 2995 interli-

1334 3012 1445 3039 nearis:
1466 3011 1534 3039 Cum
1553 3011 1621 3046 facis
1636 3011 1802 3045 prandium,
1822 3019 1992 3045 quacumque
2011 3013 2074 3043 hora
2094 3012 2223 3044 diei,aut
2239 3019 2294 3039 coe-

1334 3064 1415 3090 nam,
1435 3064 1561 3089 vespere,
1579 3056 1638 3084 noli
1654 3063 1751 3084 vocare
1768 3056 1871 3084 amicos
1889 3058 1964 3089 tuos,
1978 3057 2074 3083 carnali
2088 3058 2183 3084 affectu
2195 3057 2237 3083 vel
2249 3064 2293 3083 co-

1335 3102 1460 3134 gnatione
1478 3101 1640 3128 coniunctos.
1696 3101 1699 3103 '

1406 3144 1427 3159 ¹¹
1448 3145 1524 3170 Vers.
1544 3145 1585 3170 ⁴2.
1603 3158 1639 3164 -
1657 3144 1775 3170 Subinde
1793 3145 1920 3177 allegatur
1938 3145 1976 3170 lll.
1996 3145 2064 3170 loan.
2083 3152 2110 3171 v.
2129 3145 2155 3171 5.
2176 3152 2230 3178 seq.

1406 3187 1428 3203 ¹²
1448 3189 1541 3215 Psalm.
1561 3188 1609 3220 tt,
1623 3189 1664 3215 ti.
1677 3188 1762 3216 Codd.
1781 3190 1848 3215 hanc
1866 3189 2049 3221 allegationem
2068 3189 2203 3221 omittunt;
2217 3189 2293 3215 lectio

1334 3236 1422 3259 autem
1442 3235 1495 3259 sere
1513 3234 1632 3260 omnium
1650 3234 1729 3260 codd.
1748 3233 1852 3260 videtur
1870 3233 1975 3264 mutila,
1994 3240 2055 3259 cum
2082 3236 2142 3259 ante
2170 3233 2292 3260 Deutero-

1334 3277 1419 3304 nomii
1437 3277 1551 3304 habeant
1568 3279 1595 3304 et
1607 3278 1638 3309 (H
1657 3277 1742 3312 quta).
1755 3290 1791 3297 —
1804 3277 1927 3310 Sequitur
1948 3276 2023 3303 Deut-
2042 3277 2091 3309 33,
2111 3277 2136 3303 9.
2154 3284 2226 3310 seq-5
2245 3278 2292 3303 etr.

1335 3329 1414 3355 supra
1434 3329 1457 3348 c.
1476 3323 1518 3349 42.
1536 3329 1562 3348 n.
1576 3322 1625 3348 ⁴76.
1645 3322 1672 3348 ln
1695 3322 1841 3355 principio,
1864 3320 1911 3348 ubi
1934 3327 1950 3346 a
1975 3321 2053 3347 codd.
2078 3321 2235 3354 completius
2259 3320 2292 3346 nl-

1336 3367 1446 3399 legatur.

1405 3408 1428 3425 ¹⁸
1447 3410 1524 3437 Vers.
1544 3411 1585 3436 19.
1606 3414 1632 3437 et
1650 3411 1694 3437 22.
1713 3424 1746 3430 -
1766 3410 1815 3437 Pro
1830 3409 2018 3444 pompositatis
2037 3410 2096 3436 Vat.
2110 3416 2236 3444 pompae.

2316 1144 2438 1167 Exhortatio

2323 1171 2430 1193 erudiens.

2314 2364 2444 2395 Notandum.
