2476 3921
184 1752 288 1774 Tertium.

161 2386 290 2408 Notandum.

303 281 367 312 48⁰2

301 369 382 401 sieut
413 367 463 400 hic
493 369 524 398 et
555 365 699 398 Matthaei
735 363 886 407 vigesimo
920 363 1032 405 quinto
1050 364 1094 408 ¹³.
1117 374 1132 390 «
1158 361 1258 403 Euge,

301 430 392 454 serve
415 420 495 452 bone
517 423 548 452 et
572 418 690 457 fidelis,
722 426 820 460 super
845 417 944 449 multa
969 420 998 448 te
1021 415 1209 448 constituam
1228 427 1258 446 n.

303 476 355 508 llic
377 478 483 507 autem
506 481 618 506 servus
640 472 756 505 dicitur
781 471 885 503 bonus
900 470 931 503 in
948 469 1099 512 obsequio
1119 467 1259 501 faciendo

302 532 333 561 et
355 527 460 570 fedelis
484 527 515 559 in
539 526 706 560 commisso
730 524 885 557 servando
901 527 933 556 et
946 522 1172 565 dispensando;
1194 521 1259 563 pri-

302 590 371 614 mae
395 580 433 613 ad
456 579 634 612 Corinthios
658 581 793 620 quarto:
816 590 831 605 a
849 577 902 609 Hic
918 576 978 609 iam
996 575 1162 618 quaeritur
1177 574 1259 606 inter

303 634 550 676 dispensatores,
575 635 611 664 ut
634 631 734 664 fidelis
750 630 822 672 quis
838 629 1017 662 inveniatur
1034 640 1064 667 1>;
1081 631 1112 660 et
1129 628 1259 659 Prover-

303 687 429 719 biorum
452 685 623 727 vigesimo:
652 697 667 713 α
685 684 771 716 Multi
796 682 939 715 homines
963 680 1183 714 misericordes
1206 689 1260 711 vo-

304 743 434 778 cantur,
467 739 571 771 virum
603 740 708 770 autem
734 736 857 769 fidelem
882 735 954 777 quis
977 734 1115 767 inveniet
1131 736 1165 765 n?
1191 732 1261 765 Ideo

305 796 410 826 autem
422 791 528 834 fidelis
543 791 659 823 dicitur
676 789 873 831 simpliciter,
890 788 965 830 quia
981 787 1160 820 fidelitatem
1178 785 1261 818 circa

306 854 403 888 parva
419 844 564 877 servavit.
582 844 657 875 Nam
674 851 771 884 supra
786 841 906 874 decImo
922 844 1013 873 sexto
1026 840 1055 871 2:
1078 852 1093 867 «x
1109 838 1169 880 Qui
1187 837 1261 870 fide-

306 899 344 931 lis
367 901 414 931 est
437 898 469 930 in
494 897 621 937 minimo
644 900 675 929 et
698 896 730 928 in
753 895 863 927 maiori
888 894 988 927 tidelis
1012 896 1104 926 est».
1135 905 1151 920 a
1167 891 1261 924 Modi-

307 960 379 984 cum
404 954 527 988 autem,
552 949 633 981 sicut
655 948 730 981 dicit
750 948 875 986 Glossa‚
891 950 939 979 est
954 945 1107 988 quidquid
1124 945 1154 977 in
1172 953 1262 986 prae-

306 1004 385 1037 senti
409 1002 599 1045 percipimus
625 1001 780 1034 donorum
812 1000 851 1033 ad
881 999 1144 1041 comparationem
1176 997 1262 1029 futu-

307 1066 427 1090 rorum.
462 1057 512 1088 Eat·
539 1058 637 1097 parte
667 1055 754 1087 enim
785 1053 1013 1097 eoqnoseimus
1044 1056 1071 1084 et
1102 1061 1141 1084 ezr:
1165 1055 1264 1093 parte

304 1109 542 1152 prophetamus
559 1122 591 1146 n,
621 1107 703 1140 sicut
736 1107 852 1139 dicitur
883 1106 1002 1148 primae
1026 1105 1064 1137 ad
1087 1103 1264 1136 Corinthios

306 1163 425 1196 decimo
449 1161 551 1194 tertio.
577 1161 609 1193 ln
632 1160 682 1193 his
705 1163 810 1193 autem
835 1163 882 1192 est
906 1158 1006 1191 fidelis
1028 1158 1083 1200 qui
1107 1166 1143 1190 ea
1165 1156 1263 1189 tideli-

308 1220 355 1249 ter
379 1214 607 1252 communicat,
636 1227 651 1242 «
669 1223 730 1245 non
755 1221 911 1255 quaerens
928 1221 1009 1254 quae
1026 1220 1083 1244 sua
1100 1213 1190 1248 sunt,
1209 1209 1263 1242 sed

307 1278 388 1311 quae
414 1268 481 1300 lesu
505 1267 646 1299 Christi3
664 1280 693 1298 ».
719 1265 919 1299 Bernartius:
950 1278 964 1293 α
982 1264 1092 1297 Fidelis
1124 1272 1158 1296 re
1189 1272 1264 1295 vera

308 1330 420 1355 servus
443 1320 564 1353 Domini
589 1329 641 1359 es,
666 1320 691 1353 si
715 1320 753 1353 de
780 1319 884 1352 *multa
914 1319 1014 1361 gloria
1044 1317 1166 1350 Domini
1198 1316 1263 1355 tui,

307 1374 364 1407 etsi
389 1383 450 1406 non
475 1376 612 1406 exeunte
635 1365 676 1405 ex
700 1376 749 1411 te,
779 1376 881 1404 tamen
914 1381 970 1413 per
1002 1375 1031 1404 te
1062 1373 1263 1408 transeunte,

308 1427 386 1459 nihil
410 1426 556 1459 manibus
579 1426 643 1458 tuis
666 1426 838 1458 adhaerere
863 1425 1029 1466 contigerit
1044 1437 1074 1456 ι».
1100 1424 1183 1456 Talis
1198 1432 1264 1455 ser-

308 1489 367 1512 vus
390 1479 448 1512 fuit
473 1479 602 1518 Paulus,
626 1479 680 1521 qui
705 1478 826 1511 dicebat
850 1478 1005 1511 secundae
1029 1478 1067 1510 ad
1087 1477 1265 1509 Corinthios

309 1533 446 1566 secundo
458 1533 471 1551 ⁴²
487 1545 493 1565 :
524 1545 539 1561 «
556 1532 621 1565 Non
637 1541 707 1565 sum
725 1532 806 1565 sicut
822 1531 949 1573 plurimi
966 1531 1179 1564 adulterantes
1195 1539 1265 1563 ver-

309 1587 384 1619 bum
410 1586 484 1625 Dei,
509 1585 562 1618 sed
586 1594 628 1618 ex
652 1585 848 1623 sinceritate,
880 1585 962 1617 sicut
988 1593 1030 1617 ex
1053 1584 1134 1622 Deo,
1159 1592 1264 1616 coram

309 1640 389 1678 Deo,
414 1640 445 1671 in
469 1639 593 1671 Christo
617 1639 778 1680 loquimur
795 1652 825 1670 ».

397 1693 449 1725 28.
475 1692 580 1725 Tertio
604 1695 757 1734 quantum
787 1691 826 1723 ad
849 1691 1098 1723 <retributionem
1120 1689 1269 1732 praemii

308 1745 472 1778 cumulati
495 1745 678 1787 subiungit:
705 1744 782 1777 Eris
802 1748 992 1786 potestatem
1020 1743 1142 1776 habens
1165 1752 1266 1785 super

309 1799 415 1831 decem
438 1798 595 1830 ciuitates.
620 1798 715 1835 Nota,
739 1797 823 1839 quod
840 1798 944 1829 decem
963 1797 1110 1829 civitates
1128 1797 1204 1829 istae
1220 1796 1267 1828 in-

309 1851 495 1893 telliguntur
519 1859 586 1883 esse
610 1850 731 1882 animae
749 1849 972 1891 beatificante,
989 1850 1071 1882 sicut
1087 1858 1143 1891 per
1160 1849 1266 1881 decem

308 1913 406 1936 mnas
437 1903 606 1945 acquisitas
636 1904 757 1935 animae
789 1903 834 1935 acl
867 1901 1037 1935 Christum
1068 1912 1267 1940 conversae,-

309 1966 387 2000 quas
418 1961 508 1990 vocat
531 1966 630 1989 mnas
654 1957 685 1988 in
710 1959 794 1989 statu
826 1957 892 1989 viae
924 1960 1053 1998 propter
1084 1955 1268 1988 vertibilita-

310 2014 389 2049 tem,
414 2010 466 2043 sed
492 2010 523 2042 in
548 2013 632 2042 statu
656 2009 775 2051 patriae
799 2009 948 2041 civitates
971 2012 1099 2051 propter
1123 2008 1268 2040 immuta-

309 2063 461 2095 bilitatem
486 2062 613 2104 gloriae.
639 2062 674 2095 Et
697 2061 736 2094 de
760 2062 819 2094 hoc
842 2061 996 2093 Glossa⁵z
1026 2074 1041 2089 «
1059 2061 1171 2093 Decem
1193 2060 1268 2093 civi-

309 2119 388 2148 tates
411 2118 486 2147 sunt
509 2115 631 2147 animae
656 2123 712 2156 per
735 2114 832 2147 verba
857 2114 944 2155 Legis
967 2113 1006 2146 ad
1021 2114 1153 2156 gratiam
1172 2113 1269 2145 Evan-

310 2168 381 2209 gelii
407 2167 643 2209 pervenientes,
668 2167 784 2209 quibus
809 2170 884 2200 tunc
899 2166 1122 2210 glorificandus
1137 2175 1269 2208 praepe-

310 2221 396 2253 nitur
421 2220 474 2262 qui
499 2220 544 2253 eis
568 2220 733 2262 pecuniam
758 2220 845 2253 verbi
869 2220 962 2262 digne
985 2220 1049 2253 Deo
1072 2220 1268 2253 commenda-

310 2274 400 2306 verit.
415 2273 500 2306 Unde
513 2273 633 2315 primae
648 2273 687 2306 ad
700 2272 991 2306 Thessalonicenses
1006 2273 1157 2306 secundo:
1178 2273 1269 2313 Quae

309 2330 355 2358 est
378 2336 451 2368 spes
467 2330 603 2365 nostra,
621 2330 681 2359 aut
695 2326 862 2369 glaudium
872 2352 881 2365 ,
898 2330 959 2358 aut
974 2335 1099 2359 corona
1113 2325 1268 2368 yloriae?

311 2379 425 2412 Nonne
455 2389 512 2412 vos
543 2383 618 2412 ante
651 2379 830 2412 Dominum
859 2380 968 2412 Iesum
986 2392 1001 2408 υ
1030 2381 1088 2412 etc.
1113 2378 1269 2411 Dicuntur

311 2437 416 2465 autem
448 2433 493 2466 eis
521 2433 688 2475 praeponi
716 2436 845 2475 propter
869 2432 1026 2475 quandam
1051 2432 1268 2465 excellentiam

311 2486 476 2527 gloriosam
488 2512 495 2524 ,
513 2495 574 2518 non
591 2494 647 2528 per
664 2486 830 2528 imperium
849 2485 1088 2527 potestativum,
1103 2485 1187 2527 quia,
1204 2484 1269 2526 pri-

312 2547 380 2571 mae
403 2539 441 2571 ad
456 2539 642 2571 >Corinthios
673 2538 792 2571 decimo
815 2539 969 2580 quintoss,
1000 2551 1015 2566 (ι
1032 2547 1104 2571 cum
1137 2547 1269 2571 evacua-

313 2592 392 2624 verit
427 2601 550 2624 omnem
586 2591 796 2633 principatum
828 2595 859 2624 et
890 2594 1074 2633 potestatem
1108 2594 1138 2624 et
1169 2591 1269 2624 virtu—

314 2648 374 2678 tem
392 2659 406 2674 »
435 2648 511 2683 etc.;
537 2645 620 2686 quod
644 2644 759 2677 dicitur
783 2648 937 2686 quantum
961 2644 998 2676 ad
1024 2644 1191 2686 imperium
1216 2644 1270 2676 do-

312 2698 505 2742 minationis,
530 2707 590 2729 non
616 2701 769 2739 quantum
794 2697 831 2729 ad
853 2697 985 2739 gradum
1009 2697 1212 2730 excellentiae
1240 2701 1270 2729 et

312 2751 486 2790 dignitatis,
519 2751 592 2792 quia
624 2760 735 2793 magna
766 2750 827 2783 erit
857 2750 991 2792 dignitas
1023 2750 1061 2783 de
1097 2751 1269 2782 multorum

882 275 1075 307 COMMENT.
1102 275 1138 306 IN
1164 273 1401 306 EVANGELIUM
1424 271 1541 304 LUCAE
1565 271 1597 302 C.
1622 270 1697 302 XIX.

1323 359 1548 397 conversione3
1574 358 1642 390 ideo
1665 357 1782 390 dicitur
1805 355 1926 398 primae
1949 355 1988 388 ad
2004 354 2205 387 Timotheum
2223 357 2286 387 ter-

1324 412 1413 448 tiot:
1443 425 1458 440 α
1475 411 1535 453 Qui
1559 411 1638 444 bene
1664 410 1843 442 ministrant
1865 408 1999 451 gradum
2023 408 2141 441 bonum
2160 407 2217 441 sibi
2235 416 2286 441 ac-

1323 466 1457 507 quirunt
1473 476 1504 503 »;
1536 467 1567 497 et
1597 464 1713 496 iterum
1744 462 1876 505 quinto:
1906 461 1998 503 «Qui
2031 461 2111 494 bene
2135 463 2287 503 praesunt

1324 517 1499 560 presbyteri
1524 516 1641 559 duplici
1666 516 1787 548 honore
1809 514 1895 556 digni
1920 514 2097 547 habeantur
2113 527 2145 553 »,
2165 513 2240 556 quia
2256 516 2287 547 et

1324 570 1444 604 ratione
1468 570 1516 603 sui
1545 573 1576 603 et
1608 569 1729 602 ratione
1753 568 1860 610 populi
1884 567 2041 609 acquisiti.
2064 566 2150 600 Unde
2173 569 2204 600 et
2227 567 2287 599 Da-

1323 624 1414 657 nielis
1428 623 1614 656 duodecimo
1627 622 1657 654 ⁸:
1678 635 1693 651 α
1706 621 1765 663 Qui
1781 621 1821 655 ad
1837 620 1988 653 iustitiam
2004 619 2157 657 erudiunt
2171 619 2288 652 multos

1324 681 1419 710 erunt
1442 677 1531 719 quasi
1555 675 1664 709 stellae
1679 689 1694 704 2>
1731 678 1790 708 etc.
1824 674 1860 706 Et
1891 676 2060 716 propterea
2084 672 2288 706 Ecclesiastae

1324 731 1473 772 septimo:
1496 743 1511 758 «ι
1528 729 1686 772 Sapientia
1706 727 1895 761 confortavit
1917 726 2090 768 sapientem
2115 734 2212 768 super
2235 725 2288 758 de-

1325 793 1392 817 cem
1418 783 1574 826 principes
1596 782 1732 815 civitatis
1748 796 1777 814 ».
1803 781 1887 814 Licet
1909 780 2006 822 igitur
2030 779 2217 812 ludaeorum
2234 787 2289 821 po-

1326 837 1392 879 puli
1424 846 1482 878 pro
1514 835 1653 868 maxima
1683 835 1732 868 sui
1765 837 1854 876 parte
1885 833 2006 866 fuerint
2028 832 2194 874 obdurati,
2225 840 2288 864 non

1326 890 1445 922 frustra
1469 893 1573 922 tamen
1604 888 1649 922 eis
1676 887 1941 930 praedicaverunt
1963 885 2109 928 Apostoli.
2133 885 2220 918 Unde
2251 884 2289 917 ad

1326 944 1479 976 Romanos
1511 941 1723 975 undecim09:
1754 940 1934 983 «Nunquid
1967 940 2052 972 Deus
2083 938 2201 981 repulit
2224 938 2290 980 ple—

1326 998 1397 1030 bem
1423 999 1541 1030 suam?
1566 995 1672 1035 Absit;
1697 1004 1769 1028 nam
1793 997 1825 1028 et
1847 1003 1905 1037 ego
1929 993 2069 1026 Israelita
2092 1002 2164 1026 sum
2183 1001 2225 1025 ex
2242 1001 2290 1025 se-

1328 1050 1410 1083 mine
1427 1049 1592 1081 Abraham.
1610 1048 1676 1080 Non
1694 1047 1812 1089 repulit
1828 1047 1912 1080 Deus
1929 1046 2052 1088 plebem
2071 1054 2161 1078 suam
2173 1070 2182 1084 ,
2194 1053 2289 1087 quam

1327 1103 1495 1145 praescivit
1511 1114 1541 1141 »3
1571 1105 1602 1135 et
1625 1104 1716 1144 post:
1746 1114 1761 1129 α
1778 1101 1827 1133 Sic
1851 1109 1928 1142 ergo
1952 1103 1982 1133 et
2007 1099 2038 1132 in
2063 1099 2124 1132 hoc
2148 1102 2291 1140 tempore

1328 1156 1479 1198 reliquiae
1503 1155 1676 1188 secundum
1701 1154 1885 1187 electionem
1902 1162 1959 1196 per
1975 1152 2108 1195 gratiam
2127 1152 2231 1185 salvae
2246 1151 2291 1184 sa-

1327 1213 1394 1243 ctae
1418 1212 1539 1247 sunt»,
1564 1217 1645 1251 quae
1669 1207 1795 1250 quidem
1812 1206 1934 1240 suntin
1951 1205 2083 1248 gloriam
2108 1204 2291 1247 praedican-

1328 1264 1425 1302 tium,
1449 1262 1623 1295 secundum
1643 1261 1725 1294 illud
1754 1261 1850 1294 Isaiae
1878 1259 2121 1303 quadragesimo
2145 1259 2290 1292 non010:

1333 1330 1348 1346 «
1365 1317 1416 1349 His
1439 1316 1585 1349 omnibus
1609 1315 1696 1348 velut
1719 1316 1904 1347 ornamento
1928 1303 2072 1347 vestieris
2088 1326 2119 1345 ».

1417 1370 1469 1402 29.
1495 1369 1596 1411 (Vers.
1626 1369 1700 1408 18.).
1727 1368 1768 1400 Et
1790 1367 1875 1400 alter
1897 1366 1985 1399 venit
2001 1366 2113 1399 (licens
2129 1369 2188 1399 etc.
2207 1366 2292 1398 Post-

1328 1432 1424 1465 quam
1447 1421 1604 1464 expressit
1628 1421 1734 1454 iudicii
1758 1420 1891 1452 formam
1916 1419 2003 1452 circa
2034 1419 2176 1451 ordinem
2201 1427 2292 1460 prae-

1329 1476 1519 1517 dicantium,
1543 1475 1597 1517 qui
1624 1474 1757 1507 fideliter
1783 1473 2009 1506 laboraverunt
2032 1472 2063 1504 in
2088 1471 2292 1505 conversione

1330 1530 1535 1567 Iudaeorum,
1565 1527 1820 1560 hicsecund0¹1
1853 1526 2006 1568 exprimit
2036 1525 2121 1558 circa
2150 1524 2294 1558 ordinem

1330 1583 1594 1625 praedicantium,
1627 1581 1682 1624 qui
1714 1581 1821 1613 fideles
1852 1580 1984 1613 fuerunt
2016 1580 2052 1612 in
2079 1579 2293 1612 conversione

1328 1635 1502 1679 yencitmm
1521 1634 1734 1677 populorum.
1759 1633 1849 1666 Circa
1874 1641 1968 1675 quem
1993 1632 2137 1665 ordinem
2160 1631 2224 1664 duo
2247 1631 2294 1663 in-

1330 1689 1562 1726 troducuntur,
1587 1687 1704 1720 scilicet
1726 1686 1870 1729 fidelitas
1886 1685 2067 1718 ministerii
2089 1689 2120 1718 et
2143 1684 2295 1717 sublimi-

1332 1747 1384 1775 tas
1404 1742 1560 1784 praemii.

1422 1795 1524 1827 Primo
1543 1795 1645 1836 ‘igitur
1669 1793 1772 1836 quoad
1796 1793 1976 1826 ministerii
1999 1792 2189 1835 fidelitatem
2216 1791 2293 1824 dici-

1332 1852 1406 1881 tur:
1434 1849 1473 1880 Ec
1496 1847 1579 1880 atter
1602 1847 1689 1879 venit
1713 1847 1847 1879 dicens:
1875 1846 2030 1884 Domine,
2054 1855 2137 1878 mna
2161 1849 2221 1878 tua
2244 1844 2293 1888 fe—

1333 1902 1378 1934 eit
1400 1901 1543 1944 quinque
1566 1910 1685 1938 mnus,·
1709 1900 1817 1932 Glossa
1831 1900 1874 1931 12:
1898 1912 1913 1927 α
1927 1900 1997 1931 Mna
2013 1908 2077 1931 una
2093 1899 2235 1941 quinque
2251 1898 2295 1931 fa-

1333 1955 1391 1993 cit,
1417 1954 1491 1996 quia
1514 1957 1622 1995 gentes
1653 1953 1794 1995 quinque
1819 1952 1964 1985 sensibus
1987 1955 2079 1984 antea
2103 1952 2296 1994 mancipatas

1331 2007 1371 2040 ad
1388 2007 1519 2049 gratiam
1537 2006 1609 2039 fidei
1625 2006 1821 2048 evangelicae
1838 2005 1994 2039 convertit
2010 2018 2040 2037 n.
2059 2005 2091 2037 In
2108 2004 2200 2038 cuius
2215 2000 2296 2047 tigu‘-

1334 2070 1401 2093 ram
1424 2060 1543 2093 dictum
1567 2063 1614 2093 est
1636 2060 1679 2092 illi
1705 2059 1829 2093 mulieri
1855 2059 2086 2098 Samaritanae,
2111 2067 2193 2101 quae
2216 2058 2296 2101 tigu-

1294 2151 1297 2152 .
1334 2123 1401 2147 ram
1432 2113 1573 2156 gentium
1604 2113 1754 2155 gerebat:
1784 2126 1799 2141 α
1817 2113 1963 2155 Quinque
1995 2112 2080 2145 viros
2110 2112 2296 2152 habuisti»,

1334 2167 1456 2200 loannis
1468 2170 1583 2209 quarto
1597 2166 1633 2198 ¹³.
1651 2166 1710 2199 Sed
1727 2166 1853 2209 quando
1869 2166 1920 2198 isti
1937 2165 2080 2208 quinque
2096 2174 2208 2199 sensus
2224 2174 2298 2198 con—

1334 2223 1503 2254 vertuntur
1527 2220 1564 2252 ad
1590 2220 1644 2253 Dei
1669 2220 1876 2262 obsequium,
1902 2222 1978 2252 tunc
2003 2228 2076 2251 mna
2099 2218 2219 2261 gratiae
2250 2218 2298 2251 di-

1333 2274 1416 2307 citur
1448 2273 1692 2316 quintuplicari,
1724 2273 1900 2306 secundum
1935 2273 2013 2307 illud
2050 2272 2145 2305 Isaiae
2176 2272 2298 2305 decimo

1334 2335 1416 2359 nono
1431 2327 1456 2345 ¹4
1471 2338 1477 2358 :
1507 2339 1523 2355 α
1540 2326 1573 2358 in
1597 2325 1647 2358 die
1663 2325 1716 2358 illa
1732 2328 1827 2358 erunt
1844 2325 1987 2367 quinque
2004 2324 2147 2357 civitates
2163 2324 2194 2357 in
2212 2328 2298 2357 terra

1333 2378 1461 2421 Aegypti
1494 2378 1658 2420 loquentes
1682 2378 1789 2420 lingua
1809 2378 1995 2415 Chananaea
2019 2381 2050 2410 et
2073 2377 2215 2410 iurantes
2242 2385 2298 2419 per

1333 2432 1500 2465 Dominum
1525 2433 1736 2465 exercituum.
1762 2432 1794 2464 ln
1818 2431 1868 2464 die
1892 2431 1944 2464 illa
1968 2431 2029 2464 erit
2051 2431 2151 2464 altare
2174 2430 2298 2464 Domini

1333 2486 1534 2518 exercituum
1566 2485 1598 2518 in
1622 2485 1724 2518 medlo
1749 2488 1853 2518 terrae
1877 2484 2003 2527 Aegypti
2037 2488 2068 2518 et
2101 2484 2213 2517 titulus
2236 2484 2297 2517 Do-

1334 2538 1408 2570 mini
1428 2538 1518 2571 iuxta
1536 2539 1704 2571 terminum
1723 2538 1791 2571 eius
1808 2551 1838 2570 ».
1856 2538 2014 2571 Dicuntur
2030 2547 2105 2580 ergo
2122 2537 2243 2576 animae
2259 2536 2298 2570 de

1333 2592 1479 2634 gentibus
1503 2600 1673 2624 conversae
1697 2591 1860 2635 quinque,
1885 2600 1946 2624 non
1971 2594 2102 2634 propter
2120 2591 2196 2630 hoc,
2213 2589 2298 2632 quod

1334 2645 1499 2686 pauciores
1522 2645 1585 2677 sint
1613 2645 1674 2676 illis
1697 2653 1779 2686 quae
1802 2644 1840 2677 de
1866 2644 1986 2677 Iudaeis
2010 2653 2181 2677 conversae
2205 2647 2296 2681 sunt,

1335 2697 1387 2730 sed
1412 2698 1487 2739 qiua
1515 2698 1584 2730 illae
1616 2697 1989 2739 agebantur.secundum
2016 2699 2115 2740 legem
2140 2697 2296 2739 decalogi,

1336 2750 1411 2782 istae
1444 2760 1519 2783 vero
1550 2750 1723 2782 secundum
1756 2751 1839 2792 leges
1871 2760 2022 2784 sensuum
2057 2755 2087 2783 et
2123 2750 2296 2783 carnalium

384 2942 391 2956 ¹
414 2943 486 2968 Vei-s.
501 2943 543 2967 2¹.
558 2956 592 2961 —
606 2941 722 2967 Subinde
735 2942 861 2974 allegatur
875 2943 892 2967 l.
906 2942 964 2967 Cor.
980 2942 1007 2973 la,
1023 2943 1046 2967 Ξ.
1060 2946 1084 2968 et
1099 2943 1174 2967 l‘rov.
1189 2943 1231 2972 20,
1245 2943 1271 2967 6.

314 2988 404 3019 (quent
425 2987 443 3011 ll
464 2987 572 3019 omittit,
598 2985 647 3012 AC
660 2986 680 3011 D
708 2986 831 3011 omittunt
849 2986 962 3018 primam
984 2990 1085 3019 partem
1105 2986 1211 3015 Multi...
1230 2993 1271 3012 vo·

312 3033 432 3059 cantur).
674 3056 676 3058 .

384 3075 393 3089 ²
415 3077 488 3101 Vers.
510 3076 552 3100 to.
573 3089 608 3094 —
627 3075 751 3108 Sequitur
780 3076 869 3101 Glossa
898 3074 1042 3101 ordinaria
1071 3076 1111 3108 (ex
1140 3075 1221 3107 Beda)
1245 3074 1271 3099 in

312 3121 373 3145 Luc.
395 3121 441 3152 tf),
463 3120 509 3152 473
529 3120 554 3145 in
574 3120 624 3145 tine
643 3120 769 3151 allegatur
789 3120 805 3145 l.
825 3119 884 3145 Cor.
904 3120 951 3152 43,
972 3120 995 3145 9.
1053 3116 1055 3119 ’

384 3163 394 3178 ⁸
413 3164 492 3196 Epist.
514 3165 530 3190 Ι,
549 3164 608 3190 Cor.
629 3165 676 3196 43,
696 3164 729 3195 53
749 3165 795 3189 csr.
817 3164 880 3189 Phil.
900 3165 930 3195 2,
950 3164 992 3189 2¹.
1011 3178 1048 3183 —
1066 3163 1195 3189 Sententia
1215 3164 1271 3189 Ber-

313 3208 387 3234 nardi
415 3208 526 3234 habetur
554 3209 638 3234 Serm.
661 3208 703 3233 43.
723 3208 749 3233 in
768 3207 840 3234 Cant.
860 3215 884 3234 n.
905 3208 930 3233 3.
949 3208 998 3234 Pro
1018 3207 1067 3234 etsi
1084 3214 1139 3234 non
1158 3209 1271 3234 exeunte

312 3260 329 3278 a
348 3254 371 3279 te
390 3252 438 3278 AC
452 3253 501 3278 DII
521 3251 571 3279 etsi
587 3259 642 3278 non
661 3259 695 3278 ΑΥ
715 3253 738 3278 te
757 3253 864 3286 gerente
884 3253 913 3286 (Β
932 3251 1036 3286 penita,
1057 3252 1074 3277 F
1093 3250 1210 3286 genuit).

382 3296 393 3310 ⁴
414 3297 488 3322 ἵει-5.
511 3296 551 3321 17,

384 3340 394 3355 ⁶
414 3341 515 3366 Scilicet
534 3340 676 3373 ordinaria
695 3340 737 3373 (ex
757 3340 853 3374 Beda),
883 3341 909 3367 in
937 3341 1011 3367 cuius
1031 3341 1082 3366 ssne
1101 3341 1228 3373 allegatur
1254 3340 1270 3365 I.

314 3385 405 3410 Thess.
426 3386 455 3416 2,
478 3386 518 3410 19.

383 3428 394 3443 ⁶
414 3429 487 3454 Vers.
508 3428 550 3455 24.
570 3428 621 3455 Ctr.
641 3430 668 3455 II.
686 3430 757 3455 Sent.
777 3430 803 3455 d.
822 3431 848 3456 9.
869 3437 895 3463 q.
916 3430 941 3455 6.

1406 2941 1415 2955 ⁷
1438 2943 1512 2968 Vers.
1537 2943 1575 2973 ¹3,
1594 2946 1619 2968 et
1638 2943 1733 2969 deinde
1753 2944 1783 2974 5,
1809 2944 1848 2969 17.

1406 2984 1416 2999 ⁸
1438 2986 1512 3011 Vers.
1532 2986 1557 3012 3.
1576 3000 1610 3005 -
1630 2987 1753 3020 Sequitur
1773 2988 1856 3016 lic-cle.
1875 2987 1907 3018 7,
1927 2988 1969 3012 20.

1406 3028 1417 3043 ⁹
1438 3030 1511 3059 Vers.
1533 3030 1556 3055 l.
1576 3037 1632 3063 seq.
1650 3035 1675 3056 et
1695 3032 1719 3056 5.

1408 3073 1427 3088 ¹¹
1448 3073 1499 3099 Csr.
1519 3081 1598 3106 supra
1619 3082 1644 3100 n.
1664 3075 1706 3100 25.

1407 3117 1428 3132 ¹⁴²
1448 3118 1550 3144 Scilicet
1577 3118 1719 3145 ordinaria
1749 3119 1789 3152 (ex
1810 3119 1906 3152 Beda),
1932 3119 1957 3144 in
1978 3126 2028 3151 qua
2050 3122 2108 3150 post
2127 3117 2249 3144 sensibus
2276 3119 2295 3144 ll

1334 3162 1407 3188 addit
1426 3163 1548 3196 corporis
1570 3163 1603 3188 ita
1623 3163 1702 3189 etiarn
1720 3164 1824 3195 Glossa,
1845 3169 1914 3196 qnae
1940 3167 2027 3188 tamen
2047 3163 2141 3189 omittit
2166 3164 2246 3189 antea
2271 3166 2297 3189 ct

1335 3207 1404 3232 Beda
1425 3206 1551 3241 quinque.

1407 3249 1428 3264 ¹¹³
1449 3251 1522 3277 Vers.
1544 3253 1593 3282 Ἰ18;
1613 3253 1660 3278 cfr.
1681 3259 1761 3285 supra
1781 3260 1803 3277 c.
1828 3253 1865 3277 Iti.
1886 3259 1912 3277 u.
1932 3252 1975 3277 58.

1406 3294 1428 3309 ¹¹
1448 3296 1521 3321 Vers.
1543 3296 1584 3321 ⁴8.
1603 3304 1658 3329 seq.
1671 3310 1707 3315 —
1721 3297 1847 3328 Superius
1861 3303 1909 3328 pro
1924 3295 2121 3330 quintuplicari
2139 3296 2198 3322 Vat.
2220 3295 2295 3330 qnin-

1335 3347 1385 3374 qtte
1399 3339 1518 3371 lucrari,
1538 3341 1557 3365 G
1578 3340 1696 3375 quinque
1714 3340 1909 3374 multiplicare‘;
1930 3342 1948 3366 Α
1960 3340 1979 3366 C
1992 3341 2011 3366 D
2023 3342 2042 3366 ll
2064 3339 2297 3375 quinqiteduplurz'

1335 3384 1368 3416 (D
1386 3391 1399 3409 a
1414 3384 1529 3410 secunda
1550 3391 1628 3410 manu
1649 3383 1849 3418 qnintnplari);
1869 3385 1915 3410 csr.
1937 3385 2084 3416 Forcellini,
2104 3385 2229 3415 Lexicon,
2250 3383 2296 3409 ubi

2116 3029 2137 3044 ¹⁰
2158 3030 2232 3056 Vei-s.
2257 3031 2296 3055 ta.

2311 1371 2418 1397 Secundo,
2432 1372 2438 1393 i

2310 1399 2439 1423 conversioni

2327 1425 2436 1453 gentilium

2324 1454 2437 1479 tanguntur

2353 1479 2403 1501 duo.
2427 1481 2432 1486 ”

2326 1798 2429 1830 Rident-³73

2313 1828 2435 1848 ministerii.

2314 2012 2400 2039 Figura.

2319 2544 2447 2567 Notandum.

1334 3432 1452 3454 recenset
1466 3428 1546 3454 verba
1564 3428 1799 3462 Quinqueple'cart',
1815 3428 2035 3463 Quinquiplt‘cari
2046 3433 2071 3455 et
2086 3427 2296 3462 Quintuplicari.
2344 3440 2347 3441 ν
