2427 3872
282 274 345 305 700

527 312 590 339 01111
612 311 668 343 (13)

332 374 366 379 -
385 360 410 384 111
431 358 528 389 templo
547 355 650 385 docuit,
671 353 811 385 corripuit,
830 351 915 377 absol-

279 406 317 431 vit
335 405 367 430 Vl
388 404 439 429 578
460 402 475 427 5
494 415 530 421 -
548 401 574 426 111
593 400 692 431 templo
711 398 758 424 fuit
777 399 888 423 tentatus
900 402 914 421 a

279 448 436 479 Pharisaeis‚
456 446 653 478 blasphematus
666 446 691 468 et
703 442 833 474 lapidatus
851 439 884 466 ib.
899 440 914 465 6

279 509 313 513 -
331 493 410 519 exivit
427 491 462 517 de
474 490 571 521 templo
580 509 586 521 ,
599 488 661 521 quia
674 485 840 519 lapidabatur
853 483 887 510 ib.
900 484 915 511 4

316 539 348 563 43
368 551 403 555 —-
420 534 522 568 ora-vit,
543 532 690 559 secundum
703 530 775 564 quod
788 531 869 555 homo
883 529 915 554 Vl

281 582 332 608 405
351 581 395 606 58.
415 579 465 605 468
485 580 510 604 8.
529 578 579 603 469
600 577 616 601 9
636 575 664 601 2*
683 589 718 595 -
736 574 822 600 oravit
834 573 860 612 in
878 579 917 597 ar-

280 628 436 658 gumentum
455 630 534 649 verae
549 620 733 650 humanitatis,
745 620 770 644 in
785 618 917 643 adiumen-

280 674 335 696 tum
355 672 458 694 nostrae
477 665 647 697 infirmitatis,
661 664 685 689 in
699 663 847 694 exemplum
863 668 918 693 per-

281 716 362 739 fectae
389 712 493 737 virtutis
520 711 564 735 Vll
589 709 640 735 277
661 710 676 733 2
696 722 729 727 —-
748 708 774 732 in
793 713 839 732 sua
860 712 918 730 ora-

281 759 349 784 tione
369 756 481 782 ostendit
500 755 526 779 in
544 761 572 780 se
591 753 727 779 veritatem
752 750 919 777 humanitatis

283 802 334 828 557
364 801 397 827 54
429 814 464 819 —
494 802 551 824 orat
577 801 603 823 et
630 800 746 822 meretur
773 794 919 821 secundum

282 848 423 872 humanam
443 847 563 869 naturam
580 842 608 866 Vl
625 841 675 866 442
690 841 723 866 35
742 853 777 860 -—
796 845 874 864 orans
883 845 920 863 se-

282 890 397 916 cundum
411 890 553 914 humanam
567 888 686 912 naturam
706 884 811 916 petebat
824 883 921 908 clarita-

282 938 333 960 tem
353 934 459 959 divinae
476 934 586 957 naturae
598 933 624 956 et
636 928 785 961 hypostasis
799 927 849 953 469
863 927 878 951 9
892 925 921 952 2*

334 992 369 998 -
388 977 473 1003 oravit
495 975 613 1001 oratione
639 973 723 999 vocali
752 972 787 998 ad
805 974 920 997 nostram

282 1023 455 1048 eruditionem
470 1021 501 1046 Vl
516 1020 562 1045 474
582 1019 610 1044 24
628 1032 664 1038 —
678 1018 702 1042 in
715 1015 840 1043 omnibus
853 1016 922 1040 inve-

282 1068 350 1093 nitur
359 1069 481 1097 orans‚ut
490 1063 614 1091 omnibus
623 1064 734 1088 formam
745 1061 820 1087 daret
828 1059 921 1086 orandi

282 1112 326 1137 Vll
339 1112 372 1136 82
393 1111 435 1141 50,
455 1110 483 1135 54
508 1122 543 1128 -
562 1108 659 1134 devote
680 1105 773 1132 orabat
785 1108 811 1130 et
824 1105 922 1130 intente

283 1157 315 1182 Vl
336 1156 385 1181 467
406 1156 421 1180 2
443 1168 476 1173 -
495 1156 534 1179 ter
553 1152 639 1178 oravit
651 1151 685 1177 ad
699 1153 815 1176 nostram
829 1149 922 1174 instru-

283 1201 395 1226 ctionem
410 1199 452 1224 Vll
466 1199 518 1224 558
538 1197 571 1223 58
590 1210 626 1216 -
644 1195 754 1221 orationi
773 1196 922 1227 frequenter

284 1245 408 1275 instabat,
428 1246 456 1269 ut
474 1243 594 1274 doceret,
607 1247 714 1273 semper
727 1239 856 1265 orandum
870 1237 921 1263 277

283 1292 298 1316 2
318 1304 353 1308 -
372 1289 470 1321 prolixe
488 1286 581 1313 orabat
607 1285 670 1312 ibid.
695 1300 730 1303 —
749 1290 922 1316 perseverans

283 1335 308 1360 in
328 1334 447 1359 oratione
467 1332 511 1358 444
538 1332 571 1357 27

336 1393 371 1396 —
389 1377 474 1403 oravit
492 1377 518 1402 in
532 1377 589 1402 1000
608 1375 721 1401 solitario
735 1374 777 1399 Vll
792 1372 843 1398 297
858 1374 873 1398 2
887 1387 922 1390 -

284 1423 375 1449 orabat
394 1423 419 1448 in
439 1424 551 1453 secrete,
571 1420 632 1446 solis
648 1418 783 1451 discipulis
801 1424 924 1449 praesen-

285 1468 355 1493 tibus
375 1467 425 1492 556
452 1467 480 1492 54
510 1480 545 1484 ——
571 1465 651 1490 exivit
675 1464 709 1490 ad
734 1463 863 1489 orandum
889 1462 923 1487 de

284 1513 388 1537 civitate
407 1514 432 1537 et
451 1510 581 1536 consortio
601 1508 738 1535 turbarum
761 1510 786 1534 et
805 1507 924 1533 ascendit

285 1557 310 1582 in
336 1559 453 1581 montem
480 1555 525 1580 444
557 1555 590 1580 25
608 1569 643 1572 -
663 1552 755 1579 orabat
779 1553 850 1578 solus
869 1551 924 1577 sine

286 1601 457 1626 ostentatione
476 1602 501 1624 et
519 1598 706 1631 inquietatione
719 1597 770 1623 225
791 1597 823 1621 30
842 1611 878 1614 -
897 1596 923 1620 111

286 1645 403 1671 oratione
433 1643 587 1669 admittebat
617 1642 761 1674 discipulos
798 1644 923 1673 tanquam

286 1690 364 1721 filios,
388 1688 544 1714 excludebat
568 1686 658 1713 turbas
683 1690 808 1718 tanquam
833 1692 925 1710 servos

287 1733 348 1760 ibid.

340 1792 374 1795 —
393 1776 498 1807 orabat,
517 1778 546 1801 ut
563 1776 618 1801 Deo
636 1775 704 1800 Patri
732 1773 850 1800 debitum
876 1774 926 1799 cul-

288 1825 342 1847 tum
363 1824 388 1846 et
406 1820 581 1846 reverentiam
605 1819 738 1845 exhiberet
762 1821 788 1844 et
806 1818 926 1844 ostende-

288 1868 328 1891 ret
345 1864 520 1891 exhibendam
541 1864 583 1889 Vll
602 1863 653 1888 225
674 1863 707 1888 30

341 1924 375 1928 -
394 1916 445 1934 11οη
464 1908 549 1934 oravit
567 1915 614 1933 nec
633 1907 731 1939 gratias
749 1907 815 1938 egit,
836 1909 863 1932 ut
882 1913 926 1938 po-

289 1957 405 1980 testatem
431 1952 571 1978 suscitandi
597 1952 740 1983 acciperet,
770 1958 818 1976 nec
843 1954 871 1976 ut
898 1957 926 1976 se

287 1999 417 2024 minorem
437 1998 505 2023 Patri
529 1996 601 2023 credi
626 1997 735 2026 faceret,
755 1995 801 2021 sed
825 1997 853 2020 ut
872 1995 926 2020 Deo

287 2051 315 2070 se
334 2044 495 2069 conformem
522 2045 546 2067 et
565 2041 690 2066 virtutem
716 2046 792 2066 suam
818 2046 831 2065 a
852 2040 927 2064 Patre

287 2082 338 2114 non
351 2087 545 2114 discordantem
565 2085 714 2111 ostenderet
727 2084 759 2110 Vl
780 2083 831 2109 405
845 2084 878 2109 58
892 2097 927 2102 -

287 2140 338 2159 11011
357 2140 387 2158 ex
406 2131 558 2164 impotentia
583 2131 684 2156 Patrem
707 2132 784 2161 rogat
810 2128 861 2154 404
881 2128 924 2154 55.

289 2177 339 2203 405
359 2177 392 2203 58

340 2236 375 2240 -—
395 2221 456 2254 quia
476 2222 584 2252 propter
609 2219 719 2245 salutem
744 2220 859 2244 nostram
885 2224 927 2243 ve-

289 2269 377 2296 nerat,
397 2268 454 2291 orat
479 2272 527 2297 pro
553 2266 641 2290 nostra
665 2263 852 2293 conversione,
878 2269 926 2294 pro

289 2310 387 2343 quibus
406 2310 483 2335 etiam
503 2316 531 2334 se
550 2309 626 2334 offert
644 2308 676 2333 Vl
697 2307 747 2332 418
773 2307 820 2337 39,
841 2306 873 2332 40
892 2321 927 2324 -

289 2354 379 2380 Oravit
392 2361 441 2386 pro
455 2354 501 2384 eis,
515 2360 563 2385 pro
576 2351 674 2385 quibus
687 2352 783 2377 missus
802 2354 857 2376 erat
877 2351 922 2376 474

289 2400 322 2425 22
343 2406 399 2430 arg.
419 2399 434 2423 2
453 2412 488 2415 —
507 2397 593 2423 oravit
611 2403 661 2428 pro
680 2395 805 2421 omnibus
830 2395 929 2420 salvan·

289 2444 330 2469 dis
348 2442 516 2468 credentibus
534 2444 560 2467 et
578 2440 729 2471 credituris,
748 2440 805 2465 sive
823 2447 929 2465 conver-

289 2488 325 2513 sis
344 2493 391 2520 per
410 2486 548 2518 Apostolos
567 2485 624 2511 sive
643 2491 734 2511 eorum
756 2484 873 2516 vestigiis
886 2484 929 2510 ad-

289 2530 457 2558 haerentibus
476 2529 527 2556 474
541 2530 573 2555 40

344 2590 378 2593 -
396 2574 488 2601 orabat
507 2581 555 2606 pro
580 2573 692 2599 Ecclesia
718 2576 743 2599 et
762 2580 810 2605 pro
831 2573 871 2598 illa
893 2574 930 2598 ef-

292 2620 401 2645 tundere
413 2619 567 2650 sanguinem
584 2625 663 2644 suum
677 2617 799 2650 cupiebat
812 2618 856 2643 Vll
878 2617 930 2643 557

293 2664 325 2688 56
345 2677 379 2681 ——
399 2663 483 2688 oravit
502 2669 550 2693 pro
570 2661 710 2693 membris,
730 2662 803 2694 quod
822 2662 930 2687 transfe-

293 2710 364 2731 ratur
382 2707 534 2732 scandalum
558 2706 686 2737 passionis
711 2705 767 2731 eius
786 2706 827 2731 vel
853 2705 931 2730 timor

293 2750 384 2775 mortis
397 2749 430 2774 ib.
451 2748 484 2774 54
497 2763 532 2767 —
544 2749 648 2780 rogavit
666 2755 715 2780 pro
732 2749 785 2775 fide
803 2749 932 2774 Ecclesiae

295 2794 360 2818 Petri
380 2793 431 2818 552
452 2792 483 2818 43

348 2852 382 2855 -
401 2840 458 2862 0131
476 2843 524 2868 pro
539 2835 614 2861 bonis
628 2836 727 2868 Deum,
746 2837 792 2861 scd
812 2843 864 2862 non
878 2839 933 2862 tan-

295 2889 374 2915 quam
395 2881 505 2906 invitum
528 2880 560 2905 Vl
580 2880 625 2905 474
644 2880 672 2905 24
694 2879 720 2904 t·
733 2894 767 2897 —
781 2880 866 2905 oravit
884 2887 932 2912 pro

295 2926 386 2952 amicis
400 2926 449 2951 453
464 2926 497 2950 66
508 2939 542 2943 —
553 2931 604 2950 non
620 2926 713 2950 frustra
727 2927 784 2950 orat
796 2931 845 2956 pro
859 2931 933 2956 prae-

295 2971 429 2997 destinatis
442 2969 476 2996 ib.
495 2969 524 2995 2*
537 2983 572 2988 -
585 2968 677 2994 orabat
693 2975 741 3000 pro
761 2968 862 2999 electis,
880 2975 932 2994 non

295 3023 344 3047 pro
363 3014 483 3048 reprobis
504 3014 554 3040 470
575 3014 616 3039 46.
639 3013 685 3039 474
710 3013 739 3038 24
764 3012 800 3038 2*.
819 3012 870 3038 472
889 3013 932 3038 22.

297 3060 347 3085 475
367 3060 395 3085 44
413 3074 447 3078 -
460 3059 546 3085 oravit
564 3065 613 3090 pro
639 3058 754 3089 ludaeis,
774 3058 815 3083 vel
841 3061 869 3083 ut
887 3064 933 3089 per

295 3105 404 3130 ludaeos
422 3104 445 3130 ei
471 3111 523 3129 non
547 3103 709 3135 infligeretur
729 3110 815 3133 mors,
841 3109 872 3128 ne
891 3109 934 3128 ex-

295 3152 478 3180 caecarentur,
503 3148 545 3173 vei
574 3150 602 3173 ut
624 3147 753 3173 excaecati
777 3149 934 3173 revocentur

296 3193 339 3218 Vll
359 3192 410 3219 557
431 3192 463 3217 54
483 3206 518 3210 -
537 3199 586 3224 pro
605 3191 825 3224 persequentibus
849 3191 935 3216 oravit

296 3236 347 3262 506
368 3236 399 3261 47

349 3294 384 3299 —
402 3280 491 3306 Oratio
503 3277 597 3306 Christi
610 3280 656 3306 fuit
669 3280 694 3305 in
708 3280 857 3305 remedium
869 3280 936 3305 mul-

299 3327 384 3349 torum
404 3324 448 3349 Vll
468 3324 519 3349 576
541 3323 568 3349 44
586 3339 621 3342 -
635 3324 755 3356 rogando
774 3327 799 3350 et
818 3324 937 3356 interpel-

298 3367 375 3393 lando
393 3368 531 3393 confirmat
549 3368 701 3400 principalia
717 3368 843 3394 Ecclesiae
857 3375 936 3393 mem-

300 3410 346 3436 bra
366 3414 391 3436 et
409 3418 457 3442 per
475 3412 626 3443 principalia
651 3412 753 3438 infirma
778 3412 829 3438 552
851 3411 882 3437 43
902 3426 936 3431 —-

1142 260 1255 293 INDEX
1281 259 1408 292 RERUM

952 351 1041 376 Passio
1060 349 1154 375 Christi
1179 355 1227 380 per
1250 348 1394 376 orationem
1414 353 1489 372 suam
1515 346 1593 371 etiam

953 395 1008 421 suis
1021 393 1220 421 crucifixoribus
1232 392 1330 424 profuit
1343 392 1368 417 in
1381 391 1527 418 remedium
1542 390 1594 415 576

953 440 982 464 64
1006 454 1041 456 -
1060 438 1177 464 oratione
1194 437 1318 469 impetrat
1336 436 1435 461 donum
1460 435 1595 466 discipulis

952 483 1079 515 eligendis
1099 482 1148 507 440
1169 481 1203 507 25

1006 542 1041 545 -
1061 526 1193 552 humiliter
1205 532 1284 551 orans
1302 532 1317 549 a
1329 525 1385 550 Deo
1397 523 1535 549 exauditur
1552 523 1594 548 Vll

954 573 988 597 82
1014 572 1047 596 50
1066 585 1100 589 —
1124 571 1247 602 impetrat
1265 576 1357 600 omne,
1376 568 1448 601 quod
1473 568 1537 600 petit
1561 568 1594 593 Vl

956 615 1007 640 447
1028 615 1060 640 36
1080 629 1115 633 -—
1134 620 1240 645 semper
1256 613 1393 638 exauditur
1406 620 1421 637 a
1440 613 1515 637 Patre
1529 612 1595 642 404,

956 659 999 691 54,
1020 659 1053 684 55
1073 673 1108 677 —
1127 665 1233 690 semper
1252 657 1388 683 exauditur
1406 664 1485 682 orans
1503 664 1596 682 secun-

957 704 1021 729 dum
1035 703 1196 728 voluntatem
1210 702 1332 734 rationis,
1349 702 1394 728 sed
1410 702 1529 727 voluntas
1542 708 1597 726 sen-

956 747 1096 779 sualitatis,
1115 754 1176 772 cum
1190 746 1352 772 discordaret
1370 753 1385 771 a
1404 746 1537 772 voluntate
1550 745 1596 770 Dei

957 793 984 818 in
1002 792 1097 822 volito,
1116 799 1170 817 non
1189 798 1295 823 semper
1315 793 1433 816 assecuta
1457 793 1497 816 est
1524 790 1597 823 quod

957 837 1041 862 voluit
1059 837 1110 861 449
1131 836 1164 861 42
1527 863 1529 867 ,

1011 895 1047 900 —
1064 881 1121 906 Non
1139 881 1225 906 solum
1244 887 1313 913 quae
1332 880 1396 912 petit
1418 879 1535 906 Christus
1553 880 1598 905 dat

958 926 1041 956 Deus,
1060 925 1107 951 sed
1126 925 1200 958 quod
1218 925 1315 957 petitur
1328 925 1353 950 in
1368 925 1474 950 nomine
1493 924 1550 950 eius
1565 924 1598 949 Vl

960 969 1005 995 404
1031 970 1064 994 33
1083 984 1118 987 -
1137 970 1164 994 111
1183 969 1289 995 nomine
1307 968 1401 995 Christl
1422 971 1538 1001 petentes
1551 968 1599 993 im-

958 1017 1061 1046 petrant
1080 1014 1123 1039 Vll
1150 1013 1201 1038 445
1222 1014 1250 1039 44
1273 1027 1309 1032 —
1328 1014 1355 1038 ln
1379 1013 1486 1039 nomine
1504 1012 1598 1039 Christi

958 1059 1070 1091 petenda
1089 1059 1160 1084 salus
1180 1058 1212 1083 Vl
1233 1058 1278 1083 451
1303 1059 1336 1083 23
1357 1072 1391 1077 -
1405 1058 1453 1083 Per
1465 1057 1596 1083 Christum

959 1102 1037 1128 debet
1046 1103 1134 1128 offerri
1144 1102 1239 1133 oratio,
1254 1102 1315 1135 quia
1330 1102 1466 1128 exauditur
1478 1102 1504 1127 in
1518 1102 1599 1127 omni-

959 1148 1009 1173 bus
1032 1148 1073 1173 Vll
1094 1147 1127 1172 45
1148 1147 1181 1173 45

996 1192 1028 1217 44
1049 1206 1082 1210 -
1102 1191 1253 1217 merebatur
1275 1191 1409 1217 clarificari
1433 1191 1598 1216 clarificando

959 1237 1061 1261 Patrem
1083 1236 1114 1261 Vl
1136 1236 1186 1261 468
1207 1236 1222 1260 6
1242 1250 1277 1253 -
1296 1238 1357 1261 111110
1376 1235 1512 1261 clarificari
1532 1238 1600 1267 pete-

960 1281 1015 1313 bat,
1036 1280 1142 1313 quando
1168 1280 1351 1312 opportunitas
1376 1280 1502 1311 temporis
1520 1279 1601 1305 adve-

959 1329 1032 1352 nerat
1052 1325 1103 1350 467
1122 1326 1137 1350 2
1159 1338 1195 1343 -
1219 1324 1325 1356 petebat
1343 1325 1485 1350 claritatem
1508 1325 1601 1349 huma-

960 1377 1010 1396 nae
1041 1373 1149 1395 naturae
1177 1369 1396 1401 praedestinatam
1429 1368 1463 1393 ab
1496 1372 1601 1394 aeterno

962 1415 1012 1440 469
1032 1415 1047 1439 9
1069 1413 1098 1439 2⁸
1116 1428 1151 1432 ——
1170 1413 1263 1439 Christi
1284 1414 1348 1438 hora
1368 1416 1406 1439 est
1426 1414 1488 1439 hora
1509 1413 1601 1438 clarifi-

960 1459 1068 1485 cationis
1087 1462 1113 1484 et
1130 1458 1259 1490 passionis
1279 1458 1329 1482 269
1352 1457 1375 1482 4.
1395 1458 1446 1483 273
1468 1458 1500 1482 47
1520 1457 1548 1483 2*
1567 1473 1601 1476 —-

961 1505 1017 1530 vult
1030 1503 1164 1529 clarificari
1178 1509 1226 1534 per
1236 1502 1384 1534 passionem
1399 1505 1507 1534 propter
1519 1503 1601 1528 divini

960 1548 1074 1575 nominis
1094 1547 1326 1572 manifestationem
1346 1549 1372 1571 et
1389 1549 1504 1571 nostram
1525 1546 1602 1572 beati-

961 1594 1107 1619 ficationem
1136 1591 1187 1617 467
1212 1592 1227 1616 3
1251 1606 1286 1609 —
1306 1591 1429 1622 patiendo
1454 1594 1480 1616 et
1503 1591 1602 1616 orando

962 1638 1058 1664 meruit
1077 1636 1216 1669 glorificari
1238 1635 1287 1660 468
1307 1634 1341 1661 ib.
1356 1635 1370 1659 8

1015 1697 1050 1701 —-
1070 1682 1140 1707 Deus
1158 1680 1310 1706 clarificavit
1328 1679 1458 1705 Christum
1482 1686 1530 1711 per
1549 1680 1603 1711 glo-

963 1728 1028 1753 riam
1047 1725 1259 1757 resurrectionis‚
1279 1724 1339 1757 quia
1353 1724 1387 1749 ad
1407 1724 1488 1749 Patris
1506 1724 1604 1749 clarita-

962 1775 1015 1797 tem
1034 1770 1253 1796 manifestandam
1273 1769 1330 1800 ipse
1343 1768 1471 1794 sustinere
1490 1767 1604 1793 debebat

963 1817 1112 1849 passionem
1132 1816 1165 1842 Vl
1180 1816 1231 1841 433
1249 1815 1328 1841 45-
1341 1813 1479 1839 infirmitas
1497 1813 1604 1839 Christi-

963 1860 1075 1885 hominis
1101 1860 1183 1885 Deum
1210 1857 1379 1889 clarificavit;
1406 1856 1465 1882 ideo
1489 1856 1603 1888 potentia

965 1905 1010 1929 Dei
1029 1904 1160 1930 Christum
1180 1906 1314 1929 mortuum
1333 1902 1468 1928 suscitavit
1486 1904 1512 1926 et
1530 1901 1604 1926 clari-

964 1949 1051 1974 ficavit
1069 1948 1180 1974 1111ιί.-
1196 1948 1353 1973 clarificatus
1373 1946 1420 1972 fuit
1439 1946 1463 1971 in
1484 1946 1604 1977 passione

964 1993 1116 2024 causaliter,
1136 1993 1161 2018 in
1186 1992 1378 2018 resurrectione
1406 1990 1554 2022 actualiter,
1579 1989 1605 2014 in

964 2038 1148 2069 Apostolorum
1167 2037 1362 2069 praedicatione
1374 2036 1510 2062 evidenter
1524 2034 1570 2060 644
1590 2034 1599 2059 4

964 2097 999 2100 -
1018 2081 1112 2107 Christi
1125 2082 1273 2108 clarificatio
1288 2081 1448 2107 manifestata
1463 2083 1502 2105 est
1520 2079 1546 2104 in
1561 2079 1606 2104 mi-

965 2126 1113 2151 raculorum
1127 2127 1279 2158 operatione
1298 2129 1426 2159 quantum
1440 2125 1473 2150 ad
1489 2124 1546 2149 eius
1559 2131 1606 2155 po-

965 2170 1079 2202 tentiam,
1089 2171 1114 2196 in
1126 2171 1274 2202 linguarum
1287 2170 1418 2196 divisione
1430 2172 1558 2202 quantum
1572 2168 1605 2194 ad

965 2215 1118 2247 sapientiam
1127 2234 1134 2245 ,
1147 2215 1173 2240 in
1187 2215 1373 2240 charismatum
1387 2214 1514 2240 infusione
1526 2220 1606 2246 quan-

965 2263 1020 2286 tum
1040 2260 1073 2285 ad
1094 2259 1236 2285 bonitatem
1256 2259 1289 2285 ib.
1310 2261 1325 2284 2
1338 2273 1374 2279 -
1387 2260 1435 2285 fuit
1453 2258 1607 2284 clarificatus

966 2312 980 2330 a
1000 2305 1053 2330 Deo
1072 2305 1159 2336 Patre,
1179 2311 1192 2329 a
1213 2305 1312 2336 Spiritu
1338 2308 1427 2330 sancto
1446 2308 1471 2330 et
1496 2311 1509 2329 a
1529 2302 1607 2329 disci-

966 2349 1035 2381 pulis
1053 2347 1087 2375 ib.
1106 2349 1121 2374 3
1142 2349 1215 2374 —in
1235 2349 1357 2381 passione
1378 2349 1424 2375 fuit
1443 2349 1568 2374 exaltatus
1582 2347 1606 2372 in

966 2400 1066 2425 poena,
1087 2393 1111 2418 in
1125 2393 1276 2419 ascensione
1294 2394 1321 2419 in
1335 2384 1433 2425 gloria,v
1452 2394 1477 2419 in
1496 2394 1606 2425 Aposto-

967 2438 1052 2463 lorum
1071 2437 1266 2469 praedicatione
1284 2437 1310 2463 in
1324 2439 1391 2463 fama
1412 2438 1463 2464 595
1486 2439 1495 2462 1

1020 2496 1056 2500 ——
1073 2482 1148 2507 Pater
1166 2482 1269 2514 quaerit
1292 2482 1402 2513 gloriam
1422 2482 1477 2508 Filii
1502 2482 1534 2508 Vl
1556 2480 1606 2507 367

967 2527 1001 2552 67
1021 2541 1056 2546 -
1075 2526 1230 2552 clarificatus
1248 2529 1288 2552 est
1311 2533 1325 2551 a
1345 2527 1420 2552 Patre
1439 2526 1489 2552 448
1521 2526 1553 2551 40
1572 2540 1607 2544 -

967 2571 1069 2603 accepit
1087 2571 1197 2602 glortam
1217 2577 1231 2595 a
1247 2570 1322 2595 Patre
1334 2574 1463 2603 quantum
1483 2571 1516 2596 ad
1538 2570 1609 2596 Divi-

967 2616 1074 2641 nitatem
1100 2615 1151 2642 254
1177 2615 1211 2640 35
1235 2628 1270 2633 -
1289 2615 1414 2640 exaltatur
1438 2615 1556 2641 sedendo
1574 2614 1607 2640 ad

967 2661 1100 2686 dexteram
1121 2659 1203 2685 Patris
1222 2658 1273 2684 444
1291 2658 1323 2684 42
1336 2673 1372 2678 -
1384 2660 1477 2685 merito
1497 2659 1609 2685 iustitiae

968 2704 1125 2730 sublimatus
1143 2706 1182 2729 est
1201 2702 1233 2729 ad
1254 2703 1387 2729 dexteram
1407 2704 1489 2729 Patris
1510 2703 1559 2729 459
1576 2704 1607 2728 48

970 2762 1003 2767 —-
1021 2748 1107 2774 Gloria
1132 2747 1227 2774 Christi
1252 2747 1374 2779 apparuit
1398 2748 1423 2772 in
1453 2749 1516 2778 hoc,
1536 2747 1608 2780 quod

969 2793 1043 2818 sedet
1060 2792 1087 2817 ln
1100 2792 1213 2818 dexteris
1232 2791 1277 2816 Dei
1292 2790 1343 2816 539
1364 2791 1380 2816 5
1400 2806 1434 2809 -
1453 2792 1609 2817 clarificatur

970 2836 1157 2861 manifestando
1176 2835 1359 2868 aequalitatem
1378 2842 1439 2860 011111
1464 2836 1538 2861 Patre
1558 2835 1608 2861 468

969 2879 994 2905 7.
1016 2879 1065 2905 469
1086 2880 1101 2904 9
1122 2879 1150 2905 2*
1163 2894 1198 2898 -
1211 2886 1263 2905 11011
1283 2879 1378 2911 accipit
1391 2879 1501 2911 gloriam
1519 2879 1552 2905 ab
1566 2881 1608 2905 ho-

971 2923 1099 2956 rninibus,
1120 2924 1166 2949 sed
1186 2931 1200 2949 a
1218 2924 1293 2949 Patre
1313 2923 1364 2949 317
1393 2923 1435 2948 73.
1465 2923 1515 2948 469
1539 2925 1555 2949 9
1575 2938 1610 2943 -—

970 2975 1022 2993 non
1042 2969 1112 2993 solus
1131 2975 1159 2993 se
1175 2968 1317 3000 glorificat,
1336 2967 1382 2993 sed
1402 2968 1476 2993 Pater
1498 2975 1558 2993 cum
1578 2975 1609 2994 eo

972 3011 1023 3037 370
1042 3012 1076 3037 78
1095 3026 1130 3030 -
1150 3012 1220 3038 Deus
1238 3012 1390 3038 clarificavit
1412 3011 1543 3038 Christum
1563 3020 1610 3044 per

971 3062 1050 3087 opera
1076 3056 1231 3082 miraculosa
1258 3060 1283 3083 et
1306 3063 1353 3088 per
1372 3059 1486 3081 nostram
1507 3056 1611 3089 redem-

972 3100 1087 3132 ptionem
1102 3103 1127 3125 et
1139 3100 1232 3126 Christi
1251 3101 1284 3126 ad
1297 3101 1383 3126 caelos
1399 3099 1610 3126 sublimationem

973 3144 1023 3170 418
1044 3144 1077 3169 40
1096 3159 1131 3163 —
1149 3137 1305 3170 clarificatur
1320 3152 1367 3176 per
1381 3144 1557 3183 testimonium
1572 3145 1612 3170 fir-

973 3195 1046 3214 mum
1060 3189 1175 3214 veritatis
1194 3189 1237 3214 Vll
1252 3189 1285 3214 58
1305 3189 1339 3215 58
1352 3203 1387 3207 —-
1400 3189 1546 3214 manifestat
1560 3189 1612 3220 glo-

972 3233 1038 3259 riam
1058 3239 1132 3258 suam
1159 3233 1349 3258 manifestando
1374 3233 1516 3264 potentiam
1536 3240 1610 3258 suam

972 3285 1021 3311 per
1039 3284 1120 3309 opera
1141 3277 1172 3302 Vl
1193 3277 1244 3303 396
1264 3277 1280 3302 5

1026 3337 1061 3341 -
1087 3322 1124 3347 De
1146 3321 1306 3353 plenitudine
1331 3321 1430 3353 gloriae
1453 3320 1547 3347 Christi
1572 3327 1614 3346 ac-

973 3367 1093 3399 cepimus
1121 3365 1267 3398 praemium
1294 3368 1413 3391 aeternae
1436 3364 1614 3391 retributionis

975 3412 1007 3437 Vl
1027 3411 1078 3437 539
1099 3411 1114 3435 6

1878 300 1943 326 CllR
1963 299 2022 332 (l4)

1684 359 1720 363 -—-
1738 344 1894 370 clarificatur
1912 344 1938 369 in
1951 344 1988 370 eis
2007 343 2052 376 qai
2067 344 2153 375 ipsum
2173 350 2272 375 cogno-

1631 392 1708 414 scunt
1721 389 1754 414 Vl
1768 388 1818 414 470
1833 389 1865 414 48
1879 402 1914 407 —
1927 388 2113 415 honorificatur
2133 387 2167 413 ab
2180 394 2272 413 occur-

1632 432 1750 459 rentibus
1770 440 1831 458 cum
1854 432 1948 458 laetitia
1975 432 2026 458 414
2046 432 2078 458 47
2097 445 2132 451 -
2151 431 2272 458 laudatur

1632 484 1647 503 a
1666 476 1830 509 pauperibus
1849 476 1973 502 deturba
1994 477 2034 502 VJal
2055 477 2106 502 296
2127 477 2160 502 58
2173 491 2209 494 -
2221 476 2273 501 lau·

1632 522 1709 548 datus
1729 522 1777 547 fuit
1794 529 1809 547 a
1829 521 1913 547 turbis
1925 521 1959 547 ad
1979 520 2198 546 manifestandum
2216 519 2274 546 eius

1632 573 1729 592 nomen
1748 569 1773 591 et
1798 566 1832 592 ad
1856 565 2080 598 praesignandum
2106 564 2272 590 vocationem

1633 611 1724 643 populi
1742 610 1873 636 christiani
1889 610 1939 635 495
1953 611 1986 635 62
2000 623 2035 629 -
2048 609 2211 635 manifestata
2231 615 2274 634 ve-

1633 655 1722 686 ritate,
1743 655 1844 680 Veritas
1865 655 1921 687 ipsa
1945 661 1974 680 se
1992 654 2162 679 manifestans
2182 659 2275 678 conve-

1633 699 1732 725 nienter
1744 699 1865 725 laudatur
1878 699 2016 724 manifeste
2035 704 2124 723 coram
2144 700 2196 723 tota
2210 697 2275 722 mul-

1634 744 1744 770 titudine
1763 744 1814 769 295
1834 743 1868 769 58
1887 759 1923 762 —
1941 743 2061 769 laudatur
2078 749 2093 768 a
2113 742 2222 774 muliere
2241 741 2274 767 ad

1633 789 1750 814 veritatis
1762 784 2019 814 commendationem
2037 790 2063 813 et
2076 787 2275 812 Pharisaeorum

1634 833 1835 859 confutationem
1856 833 1907 859 296
1921 833 1954 859 58
1974 847 2008 851 —-
2028 831 2149 857 laudatur
2168 837 2198 856 ex
2217 829 2277 856 bea-

1634 878 1745 904 titudine
1764 878 1852 903 Matris
1874 877 1907 904 ib.
1928 877 1961 902 59
1980 890 2016 897 --
2040 877 2074 902 Ex
2094 874 2276 901 benedictione

1635 924 1749 948 humana
1763 922 1825 948 nihil
1847 921 1950 948 Christo
1973 920 2130 954 acquiritur,
2153 919 2200 945 sed
2223 922 2277 945 tan-

1634 974 1715 1000 quam
1735 974 1839 992 summe
1858 966 1944 992 bonus
1963 965 2084 991 laudatur
2105 964 2155 990 493
2181 964 2215 989 56
2240 977 2276 982 -

1635 1012 1706 1037 Βο113
1719 1012 1754 1037 de
1765 1011 1867 1037 Christo
1886 1011 1942 1036 visa
1968 1017 2021 1035 non
2046 1012 2107 1035 sunt
2130 1008 2276 1039 reticenda,

1635 1056 1682 1082 sed
1707 1055 1884 1081 annuntianda
1904 1054 1956 1080 205
1976 1054 2017 1079 60.
2032 1054 2082 1079 206
2103 1053 2146 1078 63.
2170 1053 2221 1078 208
2241 1052 2275 1077 68

1635 1116 1669 1120 -
1689 1101 1843 1127 Sanctorum
1863 1100 2005 1126 claritatem
2026 1099 2104 1130 longe
2117 1097 2277 1123 transcendit

1636 1146 1668 1171 Vl
1689 1146 1739 1171 459
1758 1152 1783 1171 v.
1804 1146 1837 1170 29

1690 1204 1723 1208 —-
1743 1190 1769 1215 in
1788 1187 2022 1222 transfiguratione
2041 1187 2156 1213 ostendit
2178 1186 2277 1212 clarita-

1636 1238 1689 1259 tem
1708 1233 1902 1266 resurgentium
1922 1233 1965 1259 Vll
1979 1233 2030 1258 233
2050 1232 2079 1258 51
2103 1246 2138 1250 -
2158 1231 2278 1263 promisit

1636 1279 1771 1310 discipulis
1790 1285 1818 1304 se
1843 1277 1954 1310 gloriam
1979 1279 2145 1302 ostensurum
2172 1276 2224 1301 230
2244 1274 2278 1300 44

1636 1338 1671 1341 -
1684 1323 1795 1355 gloriam
1809 1329 1885 1348 suam
1904 1321 2018 1347 ostendit
2035 1320 2171 1352 discipulis
2184 1323 2278 1346 octavo

1639 1367 1682 1393 die
1700 1370 1761 1399 post
1773 1366 1976 1399 promissionem
1997 1364 2060 1392 ibid.
2078 1379 2113 1383 —
2133 1366 2160 1390 ln
2180 1364 2278 1390 transfi-

1639 1412 1775 1444 guratione
1790 1411 1881 1437 habuit
1900 1411 1988 1437 dotem
2002 1409 2138 1441 claritatiS,
2153 1409 2193 1434 vel
2207 1409 2280 1435 clari-

1639 1460 1718 1482 tatem
1744 1456 1851 1481 claritati
1871 1462 2003 1488 supernae
2028 1455 2190 1482 conformem
2215 1453 2279 1480 ibid.

1638 1516 1673 1519 —
1693 1501 1717 1526 in
1731 1500 1960 1532 transfiguratione
1979 1499 2210 1525 35511111511ιᾱο10111
2229 1498 2281 1524 013-

1639 1545 1728 1577 ritatis,
1742 1545 1878 1577 propriam
1898 1547 1984 1570 tamen
1999 1544 2113 1575 effigiem
2128 1550 2179 1569 non
2193 1542 2280 1568 amisit

1637 1589 1700 1616 ibid.
1719 1604 1754 1609 —
1773 1590 1798 1615 in
1817 1590 1951 1615 nativitate
1964 1588 2089 1614 assumsit
2107 1575 2197 1613 dotem
2216 1587 2280 1613 sub-

1640 1635 1749 1665 tilitatis,
1764 1635 1851 1661 dotem
1865 1634 2003 1666 agilitatis,
2023 1640 2083 1659 cum
2098 1640 2178 1665 super
2197 1639 2280 1665 aquas

1640 1679 1798 1711 ambulavit,
1812 1678 2040 1710 impassibilitatis,
2054 1685 2115 1704 cum
2136 1684 2234 1709 corpus
2255 1677 2279 1702 in

1640 1725 1807 1749 sacramento
1826 1723 1961 1755 discipulis
1981 1722 2087 1748 tradidit
2105 1721 2167 1747 ibid.

1694 1782 1728 1785 —
1748 1768 1853 1800 Species
1872 1768 1961 1793 vultus
1980 1767 2037 1792 eius
2050 1767 2155 1792 alterata
2176 1769 2215 1791 est
2233 1772 2282 1797 per

1640 1812 1877 1844 supereminentem
1898 1811 2019 1837 claritatis
2036 1811 2220 1843 refulgentiam
2239 1811 2282 1836 Vll
2324 1808 2326 1810 ’

1641 1857 1691 1882 233
1712 1857 1741 1882 51
1759 1856 1832 1881 —in
1851 1863 1898 1882 sua
1919 1856 2147 1887 transfiguratione
2167 1855 2214 1881 fuit
2231 1855 2284 1887 glo-

1641 1901 1726 1926 riosus
1737 1901 1801 1926 intra
1811 1908 1841 1926 se
1854 1904 1879 1926 et
1888 1901 1956 1926 circa
1969 1907 1997 1926 se
2010 1903 2036 1926 et
2050 1900 2117 1925 iuxta
2131 1907 2160 1925 se
2173 1899 2235 1926 ibid.
2247 1915 2282 1919 —

1643 1946 1725 1971 Tanta
1745 1948 1800 1971 erat
1813 1945 1906 1971 albedo
1925 1945 2073 1971 vestimenti
2093 1945 2165 1975 cius,
2178 1948 2206 1970 ut
2219 1951 2283 1976 prae

1642 1990 1757 2015 candore
1774 1990 1855 2016 nimio
1875 1990 2015 2022 refulgeret
2034 1988 2067 2016 ib.
2088 1989 2121 2015 52
2140 2003 2176 2009 -
2188 1989 2284 2015 Christi

1642 2035 1745 2060 claritas
1766 2035 1956 2067 discipulorum
1970 2035 2061 2060 oculos
2078 2034 2168 2060 divina
2187 2034 2283 2060 virtute

1643 2085 1695 2104 non
1714 2079 1845 2111 corrupit,
1858 2079 1904 2105 sed
1918 2079 2006 2111 potius
2019 2079 2176 2105 confortavit
2195 2077 2228 2104 z'b.
2248 2078 2277 2103 51

1696 2137 1731 2142 -
1750 2125 1775 2149 111
1796 2124 2023 2155 transfiguratione
2039 2130 2153 2156 superna
2173 2127 2198 2148 et
2217 2123 2283 2149 mira

1643 2168 1757 2200 potentia
1778 2175 1875 2200 corpus
1893 2169 1951 2194 eius
1969 2171 2091 2194 terrestre
2110 2168 2231 2193 effectum
2245 2171 2284 2193 est

1644 2213 1678 2238 ad
1698 2215 1802 2244 tempus
1816 2213 1944 2244 fulgidum
1964 2216 1989 2238 et
2002 2213 2111 2238 caeleste
2124 2213 2167 2238 Vll
2180 2212 2232 2238 233
2249 2212 2278 2238 54

1697 2270 1732 2276 -
1751 2257 1776 2282 in
1795 2264 1841 2282 sua
1856 2258 2084 2289 transfiguratione
2097 2257 2189 2283 habuit
2204 2258 2284 2283 hono-

1643 2301 1753 2328 rabilem
1778 2301 1929 2327 comitatuin
1955 2302 1996 2328 Vll
2021 2302 2071 2327 233
2098 2302 2131 2328 53
2150 2317 2186 2320 -
2205 2308 2284 2334 appa-

1643 2346 1696 2372 ruit
1714 2346 1739 2371 in
1766 2346 1890 2371 comitatu
1915 2347 2010 2378 Moysis
2032 2349 2058 2372 et
2082 2347 2151 2372 Eliae
2175 2349 2283 2378 propter

1643 2397 1736 2416 corum
1756 2391 1917 2416 honestatem
1937 2394 1962 2416 et
1980 2391 2150 2423 praecipuam
2170 2390 2284 2422 dignita-

1645 2438 1712 2465 tern,
1731 2436 1757 2459 ct
1775 2437 1804 2459 ut
1827 2433 1922 2460 habeat
1947 2435 2126 2461 testimonium
2156 2442 2186 2460 ex
2211 2433 2283 2460 omni

1645 2485 1742 2511 genere
1760 2477 1821 2504 ibid.
1841 2493 1876 2497 ——
1895 2479 1997 2511 Moyses
2016 2482 2042 2505 et
2057 2479 2123 2505 Elias
2141 2479 2284 2512 loquuntur

1645 2530 1705 2549 cum
1725 2523 1838 2548 Domino
1853 2523 2035 2555 transfigurato
2049 2524 2081 2550 ad
2101 2523 2283 2549 certitudinem

1645 2567 1761 2594 visionis'
1774 2567 1825 2592 234
1845 2567 1878 2592 55
1896 2582 1931 2586 -
1945 2568 1969 2594 ln
1989 2575 2035 2594 sua
2056 2567 2284 2600 transfiguratione

1646 2613 1705 2638 ideo
1724 2611 1803 2637 vivus
1821 2614 1846 2637 et
1864 2615 1984 2638 mortuus
2001 2615 2141 2645 apparent,
2161 2615 2189 2638 ut
2207 2612 2285 2644 signi-

1646 2657 1722 2682 ficent
1735 2656 1866 2682 Christum
1880 2657 2035 2682 moriturum
2052 2660 2077 2683 et
2090 2657 2184 2683 iterum
2203 2657 2285 2682 victu-

1646 2708 1719 2732 rum,
1744 2703 1769 2726 et
1795 2703 1823 2725 ut
1848 2707 1895 2726 nos
1920 2701 1973 2725 vivi
1993 2702 2075 2727 simus
2097 2702 2166 2731 Deo,
2189 2700 2284 2726 mortui

1646 2745 1747 2771 mundo
1767 2743 1800 2770 ib.
1821 2743 1853 2769 53
1873 2759 1907 2762 -
1927 2752 2057 2777 apparens
2076 2745 2101 2771 in
2120 2745 2202 2777 gloria
2223 2751 2284 2770 011111

1646 2790 1709 2815 vlvo
1728 2792 1754 2814 et
1773 2791 1877 2814 mortuo
1904 2789 2064 2821 significatur
2089 2790 2233 2815 moriturus
2260 2792 2286 2815 et

1645 2836 1841 2860 resurrecturus
1858 2831 1921 2859 ibid.

1700 2892 1734 2896 —
1759 2878 1831 2903 solus
1856 2884 1916 2903 cum
1946 2872 2075 2910 Apostolis
2101 2879 2223 2904 inventus
2247 2881 2286 2903 est

1648 2927 1707 2955 post
1731 2921 1986 2953 transfigurationem
2014 2923 2056 2948 Vll
2082 2923 2132 2948 238
2153 2922 2187 2947 67
2206 2936 2242 2940 -
2261 2921 2285 2946 111

1648 2966 1878 2998 transfiguratione
1896 2970 1922 2991 et
1945 2966 1970 2991 in
1996 2967 2165 2992 suscitatione
2184 2966 2285 2998 puellae

1647 3011 1753 3037 admisit
1765 3011 1850 3036 solum
1869 3010 2012 3042 discipulos
2025 3011 2182 3043 principales
2199 3010 2233 3036 ad
2253 3013 2287 3035 te-

1648 3055 1814 3082 stificandum
1834 3054 1886 3080 244
1898 3055 1932 3080 90
1952 3069 1986 3073 -
2005 3055 2128 3081 assumsit
2150 3055 2288 3087 Apostolos

1648 3099 1735 3132 magis
1753 3098 1858 3124 intimos
1870 3101 1896 3123 et
1916 3098 2054 3124 familiares
2067 3101 2175 3131 propter
2193 3104 2285 3124 eorum

1648 3143 1817 3169 eminentiam
1837 3143 1888 3168 230
1906 3142 1939 3168 45
1961 3157 1996 3162 -
2017 3146 2070 3169 1105
2088 3142 2212 3168 assumsit
2230 3148 2288 3174 pro-

1648 3191 1707 3220 pter
1726 3187 1967 3213 commendandum
1981 3187 2135 3219 mysterium
2156 3185 2288 3212 Trinitatis

1649 3236 1674 3258 et
1693 3235 1801 3265 propter
1814 3231 1962 3256 firmitatem
1982 3231 2120 3257 testimonii
2135 3231 2185 3256 230
2200 3229 2234 3256 45
2252 3244 2287 3249 -

1649 3276 1807 3302 Gloriticatio
1825 3274 1917 3301 Christi
1942 3279 1997 3301 erat
2013 3275 2124 3301 tacenda
2151 3281 2235 3308 usque
2253 3274 2287 3300 ad

1650 3320 1868 3346 resurrectionem
1889 3320 1938 3345 238
1959 3320 2002 3345 68.
2022 3319 2073 3345 239
2094 3319 2126 3344 69

1707 3378 1743 3383 -
1770 3363 1872 3389 Domini
1901 3363 2095 3395 transfiguratio
2123 3362 2288 3395 spiritualiter

1651 3409 1756 3435 videtur
1775 3415 1821 3441 per
1840 3407 2065 3440 contemplationis
2083 3406 2219 3433 excessum
2245 3406 2286 3432 Vll
