2476 3921
107 1007 257 1033 Eleemosynae

120 1033 207 1054 effeetus
221 1038 253 1053 se-

120 1061 184 1086 ptem.

124 2281 253 2303 Notandum.

109 2442 181 2468 opera
196 2441 259 2463 mise-

131 2468 236 2489 ricordiae

119 2495 243 2521 corporalis.

273 219 337 253 304

109 317 219 345 Expositio
232 316 253 337 2-
273 309 466 350 iniquitatem
497 306 561 339 odit
594 306 728 338 animam
764 313 853 337 suam
870 317 900 334 n.
933 321 977 326 —-
1004 302 1100 334 Aliter
1123 303 1225 342 potest

273 361 388 403 exponi
412 360 451 393 de
474 360 668 400 eleemosyna
688 357 825 400 proprie
847 356 956 394 dicta,
975 358 1011 387 ut
1034 354 1075 386 sit
1098 361 1224 386 sensus:

274 413 368 454 Quod
397 415 545 454 superest
579 412 654 444 date
688 410 944 452 eleemosynam,
976 407 1006 440 id
1030 410 1095 445 est,
1118 405 1157 438 (le
1188 414 1226 438 eo

272 466 355 509 quod
378 469 538 508 superest,
562 468 599 497 ut
621 465 665 497 sic
688 467 835 505 tangatur
856 462 1069 503 eleemosynae
1091 458 1225 502 forma,

272 519 442 552 secundum
456 518 533 551 illud
545 517 699 551 secundae
715 516 754 549 ad
770 514 948 548 Corinthios
963 516 1073 546 octavo
1083 513 1109 544 ¹:
1131 524 1147 540 α
1160 511 1225 543 Non

272 578 308 606 ut
330 573 398 605 aliis
421 572 460 605 sit
484 571 639 609 remissio,
656 569 744 603 vobis
760 572 864 601 autem
882 566 1044 600 tribulatio
1056 579 1086 597 ι).
1104 565 1140 597 Et
1156 566 1227 606 post

271 626 401 658 sormam
417 625 563 658 subditur
579 623 738 667 efficacia,
755 631 828 655 cum
844 621 904 653 ait:
923 621 960 652 Et
971 620 982 639 2
999 618 1112 652 omnia
1128 627 1226 650 mun-

272 679 317 711 da
332 682 411 710 sunt
432 677 523 710 vobis
530 689 541 715 ‚·
558 677 632 719 quia
655 676 852 716 eleemosyna
874 673 1011 715 disponit
1026 671 1064 704 ad
1081 670 1226 713 gratiam,

272 741 327 774 per
350 741 445 774 quam
471 730 640 763 mundatur
663 730 768 762 anima
791 731 873 767 tota;
898 729 929 759 et
952 728 1080 768 propter
1097 725 1157 757 hoc
1179 723 1227 756 di=

272 786 354 818 citur
378 785 497 827 primae
512 784 550 817 ad
567 784 765 816 Timotheum
789 785 920 824 quarto:
942 793 957 809 «
975 779 1075 812 Pietas
1091 778 1173 811 valet
1188 776 1227 809 ad

271 839 392 877 omnia,
416 837 654 880 promissionem
686 835 805 868 babens
836 834 935 872 vitae,
967 841 1048 875 quae
1071 839 1157 863 nunc
1180 833 1227 862 est

272 895 302 924 et
325 891 451 924 suturae
464 904 493 922 n.

359 944 411 976 83.
437 944 520 980 Licet
542 946 647 976 autem
673 942 874 984 eleemosyna
904 940 1028 972 dicatur
1049 937 1159 970 valere
1183 936 1228 969 ad

272 998 340 1030 tria
364 997 593 1039 principaliter,
619 1000 722 1028 tamen
744 993 949 1036 septiformis
965 992 1143 1025 ostenditur
1159 991 1229 1024 eius

271 1050 408 1083 efficacia
431 1050 463 1082 in
487 1049 659 1090 Scriptura.
685 1048 788 1080 Prima
810 1050 872 1085 est,
890 1047 965 1089 quia
980 1045 1115 1078 animam
1131 1054 1229 1077 mun-

270 1104 329 1135 dat
352 1113 374 1135 a
397 1102 513 1145 culpa,
536 1102 618 1134 sicut
634 1101 685 1134 bic
704 1100 855 1139 habetur3
873 1104 904 1133 et
933 1099 1136 1132 Ecclesiastici
1166 1102 1229 1132 ter-

271 1157 313 1189 tio
327 1156 356 1188 ³:
386 1169 401 1184 a
419 1156 620 1196 Eleemosyna
643 1154 742 1196 patris
766 1163 828 1186 non
852 1153 914 1186 erit
929 1152 960 1185 in
977 1152 1133 1185 oblivione
1149 1164 1181 1190 »;
1198 1156 1229 1185 et

270 1209 363 1251 paulo
388 1212 470 1251 post:
501 1221 516 1237 «
534 1208 569 1240 Et
601 1208 682 1241 sicut
713 1207 745 1239 in
775 1215 886 1239 sereno
910 1206 1041 1248 glacies,
1066 1205 1229 1238 solventur

270 1267 395 1304 peccata
419 1266 474 1295 tua
490 1275 520 1293 n.
538 1280 582 1285 —
598 1260 741 1294 Secunda
764 1264 829 1299 est,
847 1260 922 1301 quia
945 1258 1063 1291 liberat
1079 1268 1101 1291 a
1120 1267 1229 1301 poena

270 1320 422 1354 aeterna,·
453 1315 567 1348 Tobiae
601 1315 759 1357 qllal't04:
801 1326 817 1342 «
834 1313 1035 1354 Eleemosyna
1069 1312 1109 1345 ab
1143 1311 1228 1344 omni

270 1372 396 1411 peccato
419 1372 450 1401 et
473 1378 492 1401 a
524 1371 623 1401 morte
655 1368 767 1401 liberat
790 1371 821 1400 et
844 1376 906 1400 non
931 1366 1068 1408 patitur,
1092 1365 1229 1397 animam

270 1422 316 1455 ire
339 1422 371 1454 in
395 1422 541 1454 tenebras
558 1435 588 1452 n.
605 1440 649 1444 —
665 1420 788 1459 Tertia,
812 1420 886 1462 quia
910 1418 1055 1462 defendit
1078 1428 1100 1451 a
1121 1427 1230 1461 poena

272 1475 492 1513 transitoria;
515 1474 652 1507 Danielis
675 1477 806 1516 quarto:
837 1486 852 1502 «
869 1473 996 1506 Peccata
1020 1476 1075 1505 tua
1097 1472 1230 1505 eleemo-

272 1528 357 1569 synis
380 1528 499 1561 redime
515 1541 531 1557 »
559 1531 617 1560 etc.
643 1546 684 1551 —
709 1528 845 1569 Quarta,
870 1527 945 1569 quia
974 1525 1106 1568 mitigat
1132 1525 1231 1568 fomi-

273 1581 314 1613 tis
337 1580 655 1623 concupiscentiam;
688 1579 891 1613 Ecclesiastici
922 1579 1059 1612 tertio⁵:
1090 1592 1105 1607 «ι
1126 1579 1230 1620 Ignem

272 1634 433 1667 ardentem
457 1634 631 1676 exstinguit
653 1643 750 1676 aqua,
767 1636 799 1666 et
814 1633 1010 1674 eleemosyna
1026 1632 1145 1665 resistit
1161 1640 1231 1673 pec-

273 1687 350 1720 catis
366 1701 395 1718 n.
420 1705 464 1711 ——
487 1687 618 1728 Quinta,
643 1686 718 1729 quia
752 1686 812 1718 dat
841 1686 880 1718 de
914 1684 1003 1718 hoste
1036 1685 1232 1723 victoriam,-

274 1741 478 1774 Ecclesiastici
503 1740 652 1782 vigesimo
676 1749 776 1772 nono:
799 1753 814 1768 κ
831 1739 987 1772 Conclude
1003 1739 1231 1780 eleemosynam

274 1794 305 1826 in
329 1794 422 1827 corde
440 1793 605 1835 pauperis,
622 1796 653 1825 et
670 1793 746 1825 haec
763 1801 821 1834 pro
839 1795 867 1824 te
884 1791 1030 1824 exorabit
1041 1803 1073 1829 »;
1091 1794 1122 1823 et
1137 1790 1232 1832 paulo

273 1852 361 1889 post:
389 1861 404 1876 «ι
422 1848 522 1889 Super
547 1850 672 1880 scutum
698 1846 834 1888 potentis
857 1850 888 1878 et
911 1854 1008 1887 super
1023 1845 1163 1877 lanceam
1179 1844 1232 1877 ad-

273 1910 385 1934 versus
408 1901 569 1933 inimicum
602 1904 692 1933 tuum
728 1898 927 1941 pugnabit».
953 1917 993 1922 —
1019 1899 1132 1937 Sexta,
1157 1897 1233 1940 quia

273 1958 442 1987 conservat
463 1954 633 1996 qratiam,
659 1952 832 1986 secundum
856 1952 934 1985 illud
951 1951 1155 1985 Ecclesiastici
1179 1951 1233 1984 de-

273 2008 353 2040 cimo
369 2007 502 2049 septimo
515 2008 545 2039 ⁶:
569 2020 584 2036 «
598 2007 798 2048 Eleemosyna
815 2006 873 2038 viri
891 2005 980 2048 quasi
998 2005 1143 2039 sacculus
1159 2014 1232 2038 cum

272 2061 357 2102 ipso,
381 2064 412 2093 et
434 2061 567 2103 gratiam
592 2060 728 2093 hominis
762 2059 851 2101 quasi
881 2058 1033 2101 pupillam
1066 2067 1232 2091 conserva-

272 2114 363 2147 bit».
388 2132 432 2137 —
456 2114 608 2156 Septima,
640 2114 715 2156 quia
746 2114 806 2146 dat
834 2112 998 2155 fiduciam
1018 2111 1234 2154 perveniendi

272 2167 318 2199 acl
339 2167 501 2210 9loriam,·
524 2167 638 2200 Tobiae
661 2167 819 2209 quarto⁷:
850 2180 866 2195 «
882 2166 1008 2199 Fiducia
1036 2175 1148 2207 magna
1171 2165 1232 2198 erit

273 2229 377 2253 coram
401 2229 525 2253 summo
548 2221 612 2254 Deo
635 2220 833 2262 eleemosyna
863 2219 1050 2252 facientibus
1084 2219 1183 2261 ipsam
1200 2232 1230 2251 n.

273 2291 315 2297 -—
339 2274 373 2306 Hi
397 2277 516 2316 septem
540 2274 669 2307 effectus
686 2278 760 2306 sunt
783 2273 883 2315 ipsius
899 2273 1132 2314 eleemosynae,
1150 2281 1232 2314 quae

273 2330 336 2359 tam
361 2327 579 2369 corporaliter
602 2337 698 2369 quam
721 2326 944 2369 spiritualiter
967 2326 1148 2359 exhibetur.

362 2375 418 2413 8!ss
439 2380 542 2422 Opera
564 2380 815 2413 misericordiae
838 2379 1024 2422 corporalis
1048 2379 1107 2411 hoc
1131 2388 1230 2412 versu

273 2434 495 2475 designantur:

377 2522 472 2553 Visito,
492 2525 568 2554 poto,
589 2522 662 2553 cibo,
682 2522 797 2553 redimo,
817 2525 891 2554 tego,
910 2522 1020 2554 colligo,
1039 2522 1134 2547 condo.

274 2594 317 2626 De
341 2593 474 2635 quibus,
500 2596 719 2635 praeterquam
751 2592 789 2625 de
821 2592 950 2630 ultimo,
975 2591 1120 2624 Matthaei
1146 2591 1230 2633 vige-

275 2646 354 2679 simo
377 2646 487 2688 quinto
500 2646 523 2685 ὃ,
554 2646 746 2687 disceptatur
770 2645 801 2677 in
825 2644 957 2684 iudicio;
975 2644 1012 2677 de
1029 2644 1140 2677 ultimo
1156 2653 1232 2676 vero

871 214 1065 247 COMMENT.
1090 213 1127 245 ΙΝ
1151 211 1389 245 EVANGELIUM
1413 211 1530 244 LUCAE
1554 211 1586 244 C.
1611 212 1659 244 Xl.

1288 300 1404 333 dicitur
1428 300 1542 333 Tobiae
1565 300 1713 333 secundo.
1731 318 1773 324 —
1790 300 1833 333 Ad
1850 300 1910 333 hoc
1933 303 2054 339 autem,
2071 300 2155 343 quod
2172 300 2252 333 elee-
2262 309 2414 341 Eiusdemmn-
2432 303 2433 335 ἶ

1291 361 1420 394 mosyna
1443 352 1557 385 habeat
1580 353 1638 385 has
1672 352 1843 391 efficacias,
1878 353 2055 386 necessaria
2078 356 2125 386 est
2149 353 2253 395 primo
2275 337 2434 391 3ἷζ“ἓι’.’“”“’

1288 405 1488 448 simplicitas
1511 406 1548 438 in
1570 406 1687 444 cordc;
1719 405 1803 439 unde
1834 406 1980 439 Matthaei
2012 406 2147 439 sexto⁹t
2177 419 2193 435 α
2210 407 2253 439 Te

1289 463 1394 492 autem
1411 459 1543 492 faciente
1558 459 1798 501 eleemosynam,
1816 459 1933 492 nesciat
1949 459 2076 492 sinistra
2092 463 2170 492 tua»
2192 462 2251 492 etc.

1290 531 1334 536 ——
1358 512 1500 546 Secundo
1524 522 1614 552 vero,
1638 512 1792 545 discretio
1824 513 1861 545 in
1883 513 2052 552 electione,
2076 512 2252 546 secundum

1290 565 1368 598 illud
1392 565 1597 599 Ecclesiastici
1619 565 1823 598 duodecimo:
1854 579 1870 594 «
1883 565 1912 598 Si
1930 565 2139 605 benefeceris,
2164 565 2253 605 scito,

1290 619 1341 652 cui
1365 619 1600 652 benefeceris».
1625 637 1669 642 —
1693 619 1799 652 Tertio
1823 628 1913 658 vero,
1937 618 2123 661 compassio
2147 618 2183 651 in
2199 617 2253 661 af-

1290 672 1427 716 sectione
1435 684 1447 711 ‚·
1470 673 1566 705 Isaiae
1587 672 1849 715 quinquagesimo
1880 675 1991 705 octavo
2005 672 2045 704 ¹⁰:
2076 686 2091 701 «
2108 672 2185 705 Cum
2209 672 2253 705 ef—

1290 726 1410 759 fuderis
1433 726 1585 759 esurienti
1605 726 1741 758 animam
1758 729 1857 765 tuam,
1874 729 1951 759 tunc
1966 725 2088 758 orietur
2111 726 2144 758 in
2169 730 2254 759 tene-

1291 780 1358 813 bris
1381 780 1439 812 lux
1463 783 1519 812 tua
1535 791 1565 818 1·;
1590 783 1621 812 et
1644 779 1697 812 lob
1721 779 1897 822 trigesimo:
1928 779 2080 812 «Flebam
2095 779 2254 822 quondam

1292 842 1388 875 super
1411 842 1449 866 eo
1471 833 1526 875 qui
1550 832 1687 866 afflictus
1710 836 1797 872 erat,
1821 836 1852 865 et
1876 832 2125 874 compatiebatur
2149 832 2254 875 anima

1291 895 1361 919 mea
1384 886 1516 928 pauperi
1530 899 1560 918 ».
1578 904 1620 909 —-
1637 886 1756 927 Quarto
1780 895 1866 925 vero,
1883 885 2018 918 dulcedo
2035 886 2071 918 in
2086 894 2258 924 sermone:

1293 939 1498 973 Ecclesiastici
1521 939 1643 972 decimo
1667 942 1776 972 octavo
1790 939 1833 970 ¹¹:
1863 952 1879 967 «
1895 939 2002 971 Nonne
2032 938 2177 972 ardorem
2201 946 2252 971 re-

1293 992 1457 1034 frigerabit
1480 995 1556 1025 ros?
1573 992 1621 1025 Sic
1645 996 1676 1025 et
1692 992 1826 1025 verbum
1842 992 1956 1025 melius
1980 1001 2075 1034 quam
2100 992 2252 1025 datum».

1294 1058 1336 1069 —
1360 1045 1476 1086 Quinto
1502 1054 1586 1084 vero,
1611 1044 1768 1078 hilaritas
1786 1045 1821 1077 in
1835 1044 1943 1088 facic,·
1968 1045 2171 1078 Ecclesiastici
2197 1045 2254 1078 tri-

1293 1098 1411 1140 gesimo
1434 1098 1560 1140 quinto:
1591 1111 1606 1126 (ι
1624 1098 1661 1130 ln*
1680 1098 1765 1131 omni
1788 1098 1860 1131 dato
1895 1098 2028 1131 hilarem
2058 1098 2106 1131 fac
2130 1097 2255 1131 vultum

1294 1156 1385 1184 tuum
1402 1164 1433 1191 »;
1470 1152 1628 1184 Psalmus:
1659 1165 1674 1180 «
1690 1151 1850 1185 lucundus
1885 1151 1997 1191 homo,
2033 1152 2088 1194 qui
2125 1151 2255 1185 misere-

1295 1208 1348 1238 tur
1364 1219 1380 1234 »
1405 1209 1464 1238 etc.
1489 1223 1533 1228 ——-
1558 1206 1654 1238 Sexto
1677 1214 1771 1245 vero,
1793 1205 1902 1239 debita
1925 1205 2098 1250 quantitas
2122 1206 2159 1238 in
2182 1215 2256 1238 mu-

1293 1268 1370 1291 nere
1376 1270 1388 1297 ,·
1404 1258 1518 1291 Tobiae
1535 1261 1650 1300 quarto
1664 1259 1706 1290 ¹²:
1728 1271 1744 1287 α
1760 1258 1922 1300 Quomodo
1938 1259 2097 1301 potueris,
2114 1262 2182 1292 esto
2198 1258 2255 1291 mi-

1295 1311 1445 1350 sericors;
1481 1311 1506 1344 si
1542 1312 1678 1344 multum
1710 1311 1766 1344 tibi
1797 1312 1925 1345 tuerit»
1953 1315 2012 1345 etc.
2042 1331 2083 1336 —
2118 1312 2256 1354 Septimo

1294 1374 1387 1404 vero,
1413 1365 1562 1397 celeritas
1586 1365 1622 1397 in
1645 1374 1741 1407 opere
1770 1369 1802 1398 et
1825 1365 2037 1405 exhibitione;
2070 1365 2255 1399 Proverbio-

1295 1427 1368 1450 rum
1393 1418 1503 1451 tertio:
1532 1431 1547 1447 κ
1564 1418 1607 1451 Ne
1638 1419 1723 1451 dicas
1754 1419 1855 1451 amico
1879 1422 1952 1452 tuo:
1984 1419 2068 1452 Vade
2091 1422 2123 1452 et
2146 1427 2256 1452 rever-

1295 1475 1361 1505 tere
1375 1485 1390 1501 »
1418 1475 1476 1505 etc.
1495 1490 1536 1496 —
1556 1472 1590 1505 Et
1614 1475 1689 1505 tunc
1705 1473 1741 1505 fit
1764 1473 1961 1515 eleemosyna
1977 1481 2018 1506 ex
2035 1475 2101 1505 toto
2117 1472 2255 1511 homine,

1294 1534 1331 1558 ac
1353 1534 1410 1567 per
1434 1526 1494 1558 hoc
1517 1529 1564 1559 est
1587 1525 1651 1559 Deo
1674 1529 1801 1568 accepta
1824 1530 1855 1559 et
1879 1526 2014 1568 placens.

1384 1580 1436 1611 85.
1463 1579 1526 1612 Sed
1548 1589 1609 1612 vac
1631 1579 1722 1612 vobis
1746 1578 1944 1612 Pharisaeis
1964 1583 2023 1612 etc.
2047 1598 2092 1603 —
2114 1579 2186 1612 Post
2208 1578 2420 1611 in-Dowmmina·

1295 1633 1506 1674 crepationem
1541 1633 1733 1674 duplicitatis
1768 1633 1915 1666 subditur
1939 1633 1990 1666 hic
2021 1632 2202 1675 duplicibus
2224 1635 2256 1665 et
2268 1611 2419 1664 ‘t'gffiffffi'

1296 1686 1468 1727 hypocritis
1491 1686 1704 1719 comminatio
1738 1686 1944 1719 calamitatis
1951 1698 1963 1725 ‚·
1991 1686 2075 1719 unde
2110 1677 2257 1719 Matthaei
2281 1664 2402 1692 duphmm'

1296 1739 1445 1781 vigesimo
1469 1740 1600 1772 terti0¹³
1624 1740 1713 1782 quasi
1739 1740 1962 1782 superadditur
1986 1739 2045 1772 ista
2067 1738 2257 1772 determina-

1297 1792 1357 1824 tio:
1387 1805 1402 1821 «
1416 1792 1479 1825 Vae
1494 1793 1600 1832 vobis,
1625 1793 1746 1826 scribae
1770 1796 1801 1826 et
1825 1792 2000 1831 Pharisaei,
2026 1791 2208 1834 hypocritae
2225 1793 2257 1824 n!

1297 1845 1333 1877 Et
1348 1845 1495 1887 quoniam
1510 1846 1587 1878 haec
1603 1846 1666 1878 duo
1683 1855 1798 1888 genera
1810 1854 2030 1888 personarum,
2047 1844 2164 1878 scilicet
2180 1844 2258 1877 Pha-

1296 1898 1471 1931 risaeorum
1495 1903 1526 1931 et
1542 1899 1734 1938 scribarum,
1758 1899 1948 1932 simulabant
1970 1899 2109 1931 maxime
2133 1897 2258 1940 religio-

1297 1960 1385 1991 nem;
1415 1951 1484 1984 ideo
1507 1956 1617 1984 contra
1640 1952 1697 1985 has
1720 1952 1800 1985 duas
1823 1961 1974 1995 personas
1999 1951 2071 1985 tacit
2098 1960 2186 1985 suam
2211 1951 2258 1983 in-

1296 2005 1488 2044 vectionem,
1512 2005 1612 2038 sedin
1630 2005 1785 2038 Matthaeo
1808 2006 1919 2045 simul,
1944 2005 1996 2038 hic
2018 2007 2124 2038 autem
2148 2004 2258 2037 distin-

1296 2062 1354 2091 cte.
1379 2058 1449 2091 ideo
1473 2067 1546 2100 pars
1562 2058 1621 2091 ista
1637 2058 1732 2091 habet
1758 2059 1846 2091 duas.
1868 2059 1901 2091 ln
1922 2058 2025 2101 prima
2047 2057 2258 2092 comminatur
2277 2061 2368 2084 Divisio·

1295 2121 1357 2143 vae
1379 2111 1455 2153 ipsis
1478 2109 1693 2149 Pharisaei&
1717 2112 1748 2144 in
1773 2111 1910 2144 secunda
1933 2121 2026 2151 vero,
2049 2110 2170 2144 scribis
2193 2110 2258 2143 sive

1296 2164 1502 2206 legisperitis,
1526 2164 1568 2196 ibi
1582 2165 1625 2196 ¹⁴²:
1651 2165 1859 2206 Respondens
1874 2168 1986 2197 autem
2001 2164 2141 2209 quidam
2160 2173 2200 2196 ea:
2217 2163 2258 2196 le—

1295 2216 1466 2259 qisperitis
1489 2219 1548 2249 etc.

1388 2269 1607 2302 Comminatio
1630 2272 1736 2302 autem
1760 2269 1968 2304 damnationis
1995 2273 2142 2303 aeternae
2164 2268 2258 2303 tertio

1254 2368 1257 2371 Δ
1297 2322 1469 2365 replicatur
1491 2326 1602 2355 contra
1627 2321 1829 2356 Pharisaeos
1852 2327 1982 2366 propter
2006 2324 2160 2366 triplicem
2185 2332 2259 2356 cau-
2277 2328 2357 2352 Primo.
2374 2332 2422 2349 con·

1297 2387 1378 2417 sam,
1402 2377 1520 2410 scilicet
1536 2379 1664 2419 propter
1681 2376 1928 2420 neyliqcntiam,
1946 2381 2076 2420 propter
2092 2386 2259 2420 arroyan-
2287 2354 2413 2408 gssosshffit

1297 2431 1380 2464 tium
1403 2433 1435 2463 et
1451 2433 1580 2472 propter
1595 2428 1885 2473 fraudulentiam,
1903 2434 1939 2463 ut
1955 2431 1995 2464 sit
2011 2430 2210 2474 nepliyentia
2226 2430 2257 2463 in
2277 2407 2422 2456 ”²⁰¹3ng-

1297 2484 1463 2517 omissione
1498 2483 1586 2522 boni,
1619 2484 1821 2526 arroyantla
1852 2484 1884 2517 in
1916 2485 2133 2517 commissione
2166 2483 2257 2522 mali,

1296 2537 1531 2581 fraudulentia
1548 2537 1579 2569 in
1595 2537 1802 2573 occultatione
1818 2538 1891 2570 mali
1909 2541 1940 2571 et
1955 2537 2162 2571 ostentatione
2174 2535 2256 2569 boni.

1387 2591 1439 2623 86.
1465 2590 1565 2631 (Vers.
1591 2590 1667 2631 42).
1692 2591 1796 2623 Primo
1818 2591 1916 2633 igitur
1940 2590 2150 2623 comminatur
2167 2587 2258 2621 Pha·
2277 2593 2309 2616 De
2323 2593 2399 2621 primo-

1298 2643 1419 2675 risueis
1436 2642 1567 2685 poenam
1583 2646 1743 2676 aeternam
1767 2647 1897 2686 propter
1920 2642 2165 2686 neyliyentiam,
2194 2650 2258 2683 qua

347 2839 353 2853 ¹
376 2840 451 2865 Vers.
470 2840 511 2865 13.
531 2838 581 2866 Ct'r.
602 2839 686 2870 Beda,
705 2839 747 2865 lV.
768 2840 793 2865 in
813 2840 876 2865 Luc.
899 2839 943 2870 ll,
965 2839 1007 2865 11.

345 2882 355 2897 ²
375 2884 486 2915 Vulgata
506 2887 531 2909 et
550 2885 570 2909 H
590 2884 624 2910 Et
641 2890 715 2916 ποθ,-
735 2885 781 2909 csr.
795 2891 874 2916 supra
888 2890 950 2916 pag.
970 2884 1035 2915 303,
1054 2885 1116 2909 nota
1140 2883 1178 2908 ll.
1197 2896 1233 2902 —

276 2927 392 2953 Subinde
409 2928 535 2960 allegatur
554 2929 570 2954 l.
590 2928 656 2953 Tim.
678 2928 707 2959 4,
727 2929 752 2954 8.

346 2970 357 2985 ⁸
376 2972 449 2998 Vers.
471 2972 513 2998 15.
532 2975 558 2998 et
577 2972 618 2998 17.

345 3015 357 3030 ⁴
376 3017 450 3043 Vers.
472 3018 498 3043 11
512 3038 518 3049 ‚
539 3017 583 3043 ubi
603 3024 651 3050 pro
668 3015 774 3051 patitur
799 3018 911 3050 Vulgata
937 3021 962 3043 et
983 3019 1039 3043 Vnt.
1059 3017 1187 3051 patietur,
1207 3020 1233 3043 et

276 3067 325 3093 pro
343 3060 465 3087 animam
484 3061 502 3087 C
514 3062 564 3087 DG
578 3061 693 3088 animas.
707 3076 742 3081 —
755 3062 878 3095 Sequitur
897 3062 962 3088 Dan.
983 3062 1010 3093 4,
1025 3061 1073 3094 24,
1093 3061 1139 3087 ubi
1153 3061 1232 3087 codd.

276 3106 377 3137 legunt:
398 3105 510 3131 Peccata
528 3107 575 3132 tua
594 3105 695 3132 redime
713 3106 886 3141 eleemosynis
902 3113 1077 3140 pauperum;
1103 3106 1229 3138 Vulgata:

276 3147 387 3173 Peccata
406 3148 453 3173 tua
472 3146 643 3181 eleemosynis
661 3147 774 3180 redime,
795 3150 819 3175 et
838 3147 991 3182 iniquitates
1005 3149 1067 3175 tuas
1080 3147 1231 3175 misericor-

276 3189 327 3216 diis
343 3197 499 3223 pauperum
518 3194 566 3217 etc.

346 3232 357 3248 ³
377 3234 450 3260 Vers.
470 3235 511 3260 33.
532 3249 565 3253 —
585 3236 701 3262 Subinde
729 3237 873 3268 alleguntur
902 3237 977 3262 eccu.
1004 3237 1050 3269 29,
1078 3228 1118 3262 i5.
1138 3239 1164 3262 et
1183 3235 1231 3268 16,

276 3277 323 3303 ubi
342 3285 390 3310 pro
409 3278 437 3304 in
456 3279 535 3306 corde
553 3279 572 3305 C
584 3280 635 3305 DG
655 3279 684 3306 in
702 3280 774 3307 sinu.

346 3321 357 3336 ⁶
377 3323 451 3349 Vers.
472 3324 516 3354 18;
536 3324 672 3350 lectionem
693 3325 822 3357 Vulgatae
835 3324 1009 3359 signaculum
1022 3332 1071 3358 pro
1089 3324 1232 3352 sacculum

276 3366 337 3392 vide
356 3374 434 3399 supra
454 3373 515 3398 pag.
536 3367 600 3400 140,
619 3371 678 3393 nota
698 3369 723 3394 6.

1369 2835 1378 2851 '¹
1399 2837 1475 2863 Vers.
1489 2837 1529 2862 12.
1550 2850 1585 2855 --
1604 2837 1711 2862 lnterius
1730 2844 1778 2868 pro
1798 2843 1892 2871 quae...
1922 2835 2063 2863 exhibetur
2082 2834 2102 2861 C
2113 2834 2164 2860 DG
2184 2832 2258 2867 qui...

1297 2881 1468 2908 exhibentur.

1368 2925 1379 2940 ⁸
1399 2927 1472 2952 Vers.
1493 2926 1535 2951 31.
1554 2933 1629 2959 seqq.
1647 2940 1681 2944 —
1701 2926 1737 2951 De
1757 2926 1848 2951 ultimo
1867 2926 1929 2952 vide
1948 2925 2015 2951 Tob.
2036 2926 2066 2956 2,
2092 2924 2116 2949 1.
2135 2923 2159 2948 7.
2180 2925 2206 2948 et
2225 2922 2256 2947 9:

1297 2972 1343 2997 etr.
1363 2970 1427 2997 ibid.
1449 2971 1477 3002 1,
1496 2971 1538 2996 21.
1558 2983 1593 2989 --
1612 2970 1687 2995 Plura
1707 2970 1741 2995 de
1766 2969 1891 3002 operibus
1920 2968 2115 2995 misericordiae
2134 2966 2196 2992 vide
2216 2966 2256 2991 lV.

1297 3016 1368 3041 Sent.
1386 3014 1412 3040 d.
1434 3015 1476 3040 45.
1496 3021 1521 3045 p.
1543 3014 1569 3040 ΙΙ.
1589 3013 1654 3039 dub.
1674 3015 1698 3039 2.

1368 3057 1380 3072 ⁹
1401 3060 1474 3084 Vers.
1494 3060 1518 3089 3,
1539 3061 1565 3084 et
1583 3058 1644 3084 dein
1663 3059 1740 3084 Eccli.
1761 3059 1808 3089 12,
1831 3059 1853 3084 1.

1370 3101 1391 3117 ¹⁰
1412 3103 1487 3129 Vers.
1507 3104 1555 3134 10,
1575 3105 1634 3135 post
1652 3109 1732 3135 quem
1752 3102 1797 3128 lob
1817 3103 1863 3135 30,
1884 3103 1927 3129 25.

1370 3146 1390 3161 ¹²
1412 3147 1487 3172 Vere.
1500 3147 1540 3172 16.
1551 3160 1587 3165 -
1597 3146 1654 3172 Duo
1664 3153 1738 3179 seqq.
1748 3146 1797 3172 loci
1808 3149 1868 3172 sunt
1879 3146 1953 3172 Eccli.
1966 3145 2008 3176 35,
2023 3145 2062 3170 11.
2073 3147 2098 3170 et
2109 3145 2149 3170 Ps.
2161 3143 2188 3169 11
2201 3143 2220 3174 l,
2231 3143 2257 3168 5.

1368 3190 1390 3205 ¹²
1410 3192 1484 3217 Vers.
1504 3191 1529 3217 8.
1551 3195 1576 3217 et
1595 3191 1619 3216 9.
1639 3204 1674 3210 —
1693 3190 1816 3224 Sequitur
1836 3191 1912 3216 prov,
1932 3191 1962 3222 3,
1983 3190 2026 3215 28.
2045 3202 2080 3208 —
2099 3188 2197 3214 Similia
2217 3194 2257 3212 ex-

1297 3235 1368 3262 hibet
1386 3235 1464 3262 Card.
1484 3236 1570 3268 Hugo.
1831 3242 1833 3244 ·

1368 3279 1391 3295 ¹³
1410 3281 1484 3306 Vers.
1506 3281 1547 3306 13.
1567 3287 1655 3314 seqq.;
1675 3281 1720 3306 ctr.
1740 3286 1820 3312 supra
1840 3286 1900 3311 pag.
1921 3278 1988 3310 295,
2007 3281 2067 3304 nota
2089 3278 2130 3303 10.

1369 3322 1392 3338 ¹⁴
1412 3324 1487 3350 Vers.
1502 3324 1543 3350 45.
