2427 3872
385 234 450 261 clm
471 233 526 267 (24)

137 280 261 307 iniustitia
289 287 321 305 ex
348 282 422 312 parte
441 279 487 305 Dei
508 279 565 305 446
579 278 612 304 49
632 293 667 297 -
686 282 715 305 ut
739 285 777 304 re-

137 326 259 357 demptor
278 331 327 356 pro
345 323 423 350 nobis
442 331 537 356 passus
555 326 595 349 est
612 324 647 349 92
667 331 693 349 ν.
713 324 729 349 2

189 384 225 388 -
250 375 297 395 sua
324 372 409 394 morte
434 371 546 394 mortem
572 371 598 394 et
617 368 710 393 mortis
734 374 778 393 au-

135 417 234 440 ctorem
260 413 387 439 destruxit
414 412 458 438 vu
487 413 538 439 573
568 413 602 438 32
627 427 663 431 -
682 412 779 438 virtute

136 458 224 485 divina
244 458 269 483 in
289 460 375 483 morte
387 464 435 483 sua
448 457 545 483 multos
563 457 729 483 resuscitavit
744 457 777 483 Vl

137 503 187 530 405
207 503 240 528 60
259 517 294 521 -
314 502 401 528 Passio
428 501 525 528 Christi
543 504 599 527 erat
617 502 777 528 vivificativa

136 550 301 574 mortuorum
321 546 364 572 Vll
384 546 436 572 227
456 547 489 572 36
508 559 544 565 -
564 546 687 578 passione
702 549 727 572 et
739 553 778 571 re—

135 592 298 618 surrectione
316 591 461 617 vivificavit
481 597 530 616 nos
549 589 612 617 ibid.
624 605 660 609 -—
673 597 778 622 compa-

134 637 202 663 ravit
220 636 302 662 vitam
322 639 439 662 nostrum
458 638 544 661 morte
567 642 615 661 sua
635 635 669 661 Vl
688 635 740 661 592
761 635 777 660 5

132 696 169 701 —
187 681 321 707 offerendo
334 688 363 706 se
376 679 476 706 invenit
489 680 623 706 hominem
644 680 776 712 perditum

133 726 177 753 Vll
197 726 249 752 385
269 726 297 751 11

187 785 222 790 -
239 773 420 803 opportunum
447 772 474 796 et
497 769 775 795 convenientissimum

133 816 195 847 11111,
224 815 357 842 Christum
389 815 455 847 pati,
487 817 597 847 propter
628 814 775 840 remedium

132 863 317 893 peccatorum,
336 860 486 892 exemplum
505 859 633 884 virtutum
657 862 683 884 et
707 865 776 884 com·

132 906 296 938 plementum
315 904 434 930 omnium
456 904 651 936 Scripturarum
667 904 709 929 Vll
724 903 776 929 595

132 951 166 976 33
185 964 220 968 —
240 950 308 976 Mors
321 949 415 975 Christi
428 948 572 981 expediens
588 955 637 980 pro
650 947 776 974 omnibus

132 995 184 1020 227
205 995 238 1020 36
257 1007 294 1013 -
313 995 382 1020 Mors
400 993 495 1020 Christi
514 996 570 1019 erat
589 993 657 1019 utilis
671 994 703 1019 Vl
724 992 775 1019 124

130 1046 158 1065 ν.
173 1039 205 1065 19
218 1054 253 1058 -—
267 1039 336 1065 Mors
359 1038 454 1065 Christi
473 1038 619 1064 necessaria
639 1045 688 1070 pro
698 1037 775 1064 nobis

131 1088 157 1110 et
175 1084 244 1110 utilis
263 1083 339 1109 nobis
358 1083 405 1109 591
431 1083 441 1107 1
459 1097 495 1101 -
508 1082 634 1115 Discipuli
649 1083 718 1108 stulti
732 1083 775 1108 de-

130 1131 237 1161 sperant
255 1128 289 1154 de
307 1128 489 1160 redemptione
501 1131 610 1160 propter
623 1127 773 1160 passionem

130 1172 224 1200 Christi
243 1173 296 1199 595
315 1174 349 1199 32

182 1232 218 1237 -
236 1221 362 1250 operatus
374 1220 413 1243 est
425 1218 536 1243 salutem
556 1224 604 1249 per
618 1217 719 1249 lignum
740 1217 773 1242 vt

130 1263 182 1288 325
202 1262 235 1288 40
255 1276 289 1281 -
308 1263 392 1288 salvat
410 1269 459 1287 nos
478 1268 526 1294 per
545 1261 696 1293 passionem
720 1261 772 1287 282

130 1307 163 1333 24
182 1322 218 1325 -
238 1307 313 1333 Salus
332 1310 482 1333 sanctarum
511 1306 658 1331 animarum
688 1308 713 1331 et
732 1313 773 1332 re-

129 1352 257 1378 surrectio
285 1358 333 1384 per
361 1354 472 1377 mortem
501 1350 597 1377 Christi
628 1350 772 1376 obtinenda

128 1400 184 1422 crat
207 1396 255 1422 124
275 1404 300 1421 v.
321 1397 354 1421 22
374 1410 409 1415 -
429 1395 572 1421 moriturus
591 1398 647 1421 erat
665 1402 715 1427 pro
734 1403 772 1421 sa-

127 1441 181 1467 lute
209 1440 301 1467 mundi
322 1440 373 1466 482
394 1440 427 1465 28
447 1454 482 1458 -
501 1439 596 1466 Christi
624 1446 696 1465 mors
725 1440 773 1466 suit

127 1488 215 1512 nostra
234 1485 304 1511 salus
322 1485 373 1510 308
393 1484 426 1510 33

179 1545 214 1548 -
234 1532 355 1555 mortuus
374 1529 422 1554 suit
440 1529 475 1555 ad
499 1529 656 1555 salvandum
685 1532 711 1555 et
738 1531 770 1554 sa-

127 1574 250 1600 ciendum
269 1581 318 1600 nos
336 1574 390 1599 Deo
416 1577 504 1600 nostro
533 1581 645 1606 regnum
666 1574 699 1599 Vl
720 1574 770 1599 496

127 1619 156 1645 31
180 1633 216 1638 -
235 1622 356 1644 mortuus
375 1621 429 1650 est,
458 1621 486 1644 ut
505 1618 595 1644 fideles
614 1619 707 1644 flerent
725 1619 769 1644 11111

127 1664 172 1690 Dei
193 1664 235 1689 Vll
256 1663 308 1688 513
329 1663 362 1689 37
382 1677 417 1682 -
437 1667 558 1688 mortuus
577 1666 629 1696 est,
651 1667 679 1689 ut
698 1671 771 1696 prae-

126 1708 269 1734 destinatos
288 1707 397 1733 ludaeos
416 1711 441 1733 et
461 1708 571 1739 gentiles
590 1708 623 1733 ad
645 1708 769 1733 unitatem

126 1753 255 1779 Ecclesiae
273 1753 407 1784 colligeret
433 1753 465 1778 Vl
493 1752 543 1777 408
568 1752 602 1777 70
622 1767 657 1770 —
677 1760 771 1785 passus

126 1800 165 1823 est
183 1804 231 1830 pro
251 1798 350 1829 populo
370 1796 526 1822 ludaeorum
547 1800 572 1822 et
592 1797 727 1829 gentilium
745 1801 771 1823 et

125 1841 160 1867 ab
179 1841 279 1871 eisdem
301 1842 343 1867 Vll
372 1841 424 1867 575
454 1842 487 1867 38
506 1856 541 1859 —
562 1842 649 1867 Passio
671 1842 770 1874 profuit

125 1887 165 1912 his
183 1886 229 1920 qui
248 1889 322 1912 erant
340 1889 411 1911 extra
426 1886 563 1911 lerusalem
579 1885 612 1912 ib.
628 1887 661 1911 39
675 1899 710 1905 -
725 1893 768 1918 00-

125 1931 169 1962 tit,
189 1934 218 1957 ut
237 1937 333 1956 nomen
353 1930 398 1956 Dei
418 1933 508 1955 notum
528 1930 572 1956 [iat
586 1930 708 1962 gentibus
721 1938 768 1963 per

124 1982 200 2001 suam
220 1976 369 2008 passionem
392 1975 423 2000 Vl
444 1974 494 2000 4l8
515 1974 548 2000 40

179 2035 214 2038 -
235 2022 356 2046 mortuus
375 2022 414 2045 est
433 2026 481 2052 pro
502 2019 601 2045 mundo
621 2020 653 2045 Vl
669 2019 715 2045 471
733 2021 766 2045 22

124 2071 180 2096 arg.
202 2065 217 2090 2
236 2078 271 2084 —-
291 2071 376 2096 genus
405 2065 551 2089 humanum
574 2065 683 2096 proprio
709 2071 768 2090 san-

124 2109 205 2141 guine
232 2109 345 2135 redemit
378 2109 425 2134 160
457 2116 484 2134 v.
517 2109 526 2134 1
560 2123 595 2128 -
624 2117 693 2135 111105
717 2117 766 2142 010

123 2154 242 2180 omnium
263 2154 346 2179 salute
366 2156 486 2179 mortuus
505 2157 543 2179 est
563 2154 613 2179 407
635 2154 667 2179 68
681 2168 716 2173 —
729 2162 767 2180 sa-

123 2198 197 2224 navit
216 2205 309 2224 omnes
328 2205 375 2230 per
394 2198 525 2230 passionis
539 2198 686 2224 remedium
702 2199 717 2224 6
733 2200 766 2225 20

123 2257 159 2261 ———
178 2246 307 2276 quantun]
337 2243 364 2269 in
392 2250 420 2268 se
448 2245 501 2275 est,
521 2250 570 2275 pro
589 2243 714 2270 omnibus
738 2251 766 2270 se

125 2287 218 2313 obtulit
247 2287 298 2313 318
319 2287 347 2312 81
372 2287 537 2313 —traditur
565 2294 614 2320 pro
642 2287 767 2314 omnibus

123 2335 252 2365 quantum
281 2332 315 2357 ad
344 2332 541 2362 sufficientiam,
566 2332 614 2357 sed
638 2336 765 2365 quantum

123 2376 157 2402 ad
183 2376 326 2402 efficaciam
351 2383 400 2408 pro
430 2377 517 2402 electis
545 2380 570 2401 et
597 2377 766 2403 credentibus

124 2421 176 2446 282
197 2421 229 2446 26
251 2434 283 2439 —-
303 2421 432 2446 occiditur
457 2427 505 2452 010
535 2427 586 2446 uno
614 2421 690 2453 quasi
716 2428 765 2452 pro

123 2465 181 2497 ipso
200 2465 255 2491 solo
281 2465 324 2490 Vll
355 2464 400 2490 401
429 2465 462 2490 50
491 2479 525 2482 -
548 2464 676 2496 Origenes
702 2466 765 2490 salso

125 2509 229 2541 docuit,
248 2508 380 2535 Christum
400 2516 449 2541 pro
467 2508 642 2534 daemonibus
661 2509 686 2534 in
705 2510 765 2535 a'cre

123 2554 149 2579 in
169 2554 220 2579 fine
239 2560 380 2586 passurum
400 2560 472 2584 esse,
492 2557 518 2579 et
535 2554 572 2579 sic
591 2561 637 2579 eos
651 2555 706 2579 sore
719 2555 765 2580 sal-

124 2598 227 2624 vandos
247 2598 279 2624 Vl
301 2598 351 2623 198
371 2605 397 2623 v.
421 2599 446 2623 11

177 2656 212 2662 -
230 2642 343 2668 redemit
361 2649 410 2668 nos
430 2649 476 2674 per
495 2643 651 2674 sanguinem
671 2650 764 2674 suum,

125 2687 268 2719 figuratum
289 2694 335 2719 per
347 2687 474 2712 sacrificia
488 2687 530 2713 Vll
545 2687 597 2713 385
612 2687 620 2712 1
633 2688 639 2712 1
657 2702 691 2706 —
704 2689 765 2713 San-

124 2731 204 2762 guine
222 2730 316 2757 Christi
330 2731 497 2763 redemptum
517 2735 556 2757 est
575 2738 659 2763 genus
674 2733 764 2757 huma-

122 2782 186 2801 num
216 2775 267 2801 548
288 2776 321 2801 29
341 2790 376 2794 --
395 2776 443 2801 Per
470 2776 624 2807 sanguinem
653 2776 715 2808 agni
739 2779 765 2802 et

122 2820 212 2851 sponsi
232 2820 287 2846 lesu
308 2819 402 2846 Christi
422 2820 450 2845 111
462 2820 581 2846 remissio
595 2824 763 2852 peccatorum

124 2862 186 2889 ibid.
201 2878 236 2882 —
249 2865 275 2890 ln
289 2865 419 2897 sanguine
434 2864 527 2891 Christi
547 2864 594 2890 suit
613 2864 763 2890 dedicatum

124 2914 223 2933 novum
244 2911 427 2934 testamentum
441 2907 503 2934 ibid.
515 2922 551 2927 —
564 2909 678 2940 Sanguis
691 2909 764 2935 Chri-

123 2952 155 2977 sti
174 2952 305 2978 clamabat
322 2953 503 2979 remissionem
524 2953 575 2978 558
596 2953 629 2978 56
650 2967 683 2971 -
703 2954 764 2979 San-

125 2996 185 3027 guis
203 2996 297 3023 Christi
317 2997 431 3030 loquitur
450 2997 555 3022 veniam
576 2998 608 3022 Vl
629 2997 679 3023 592
699 2998 714 3023 3
730 3012 763 3016 -

125 3040 237 3073 Sanguis
255 3041 350 3067 Christi
369 3045 408 3067 est
426 3042 583 3068 sacrificium
604 3042 762 3074 placativum

121 3088 149 3110 ct
168 3090 361 3111 sacramentum
381 3086 536 3112 resectivum
556 3086 598 3112 Vll
617 3086 668 3112 548
689 3087 722 3112 29

177 3142 214 3148 —
231 3129 365 3156 subiectus
383 3133 423 3156 est
448 3137 548 3163 poenae
575 3130 764 3157 maledictionis

122 3172 212 3198 divina
239 3174 426 3206 dispositione,
452 3178 481 3200 ut
499 3175 639 3201 redimeret
657 3175 764 3201 maledi-

124 3220 180 3243 ctos
199 3218 240 3244 Vll
261 3218 307 3244 571
332 3219 366 3244 25
385 3233 421 3238 -
439 3219 487 3244 Ρο1
506 3219 654 3251 passionem
669 3218 764 3245 Christi

123 3267 216 3287 sumus
227 3261 262 3287 ab
275 3262 347 3288 omni
357 3263 540 3289 maledictione
553 3262 653 3289 liberati
667 3263 714 3288 761
729 3263 763 3289 76

177 3318 212 3324 -
231 3306 388 3332 Remedium
410 3307 540 3339 passionis
558 3306 651 3333 liberat
669 3314 683 3332 a
709 3314 764 3332 cae-

123 3348 200 3374 citate
218 3350 326 3376 rationis
354 3357 401 3383 per
429 3350 579 3376 interiorem
601 3350 763 3377 illuminatio-

805 190 842 224 lN
865 190 1160 223 COMMENTARIOS
1183 192 1212 224 S.
1237 191 1463 225 SCRIPTURAE

814 286 874 305 nem
895 279 938 305 Vll
959 279 992 304 98
1013 279 1046 305 40
1065 293 1100 298 ——
1119 293 1154 299 —-
1173 280 1262 306 Passio
1287 280 1381 307 Christi
1401 289 1458 307 sua-

814 323 859 349 det
884 330 976 349 veram
1006 324 1101 356 iidem,
1130 324 1317 356 poenitentiam
1337 328 1363 351 et
1381 325 1456 351 bene-

815 368 956 405 volentiam
977 368 1011 393 62
1031 367 1066 393 79
1078 382 1113 387 —-
1127 369 1251 394 Memoria
1270 370 1401 401 passionis
1414 370 1457 395 do-

815 412 927 438 minicae
946 413 1015 438 eiicit
1035 412 1205 438 daemonium
1219 414 1345 439 avaritiae
1358 415 1410 439 289
1423 415 1457 440 39

869 471 903 475 -
921 457 992 482 lavat
1011 458 1109 489 peccati
1130 458 1261 483 maculam
1281 458 1313 483 Vl
1328 458 1375 484 591
1394 459 1409 484 2
1422 472 1458 478 —-

815 502 883 527 Mors
892 501 986 528 Christi
1000 505 1039 528 est
1052 501 1128 528 nobis
1141 502 1290 528 remedium
1302 503 1402 535 peccati
1412 503 1458 529 de-

814 546 893 572 lendo
907 547 1046 579 maculam,
1060 547 1175 572 tollendo
1193 553 1308 578 poenam
1328 551 1353 572 et
1372 548 1459 573 conci-

814 591 901 616 liando
915 591 1041 616 offensam
1054 590 1116 617 ibid.
1128 604 1164 610 —
1174 591 1242 617 Mors
1255 590 1350 617 Christi
1363 594 1402 617 est
1414 598 1459 617 no-

814 634 856 661 bis
874 635 1030 667 suffragium
1046 635 1081 661 ad
1101 635 1216 667 bonum,
1236 636 1403 668 impetrando
1417 643 1459 662 ve-

813 679 893 712 niam,
907 680 1034 706 merendo
1054 681 1181 712 gratiam,
1195 681 1339 713 aperiendo
1352 681 1458 706 ianuam

813 723 876 750 ibid.
895 738 930 744 —
950 725 997 750 Per
1016 725 1168 757 passionem
1188 724 1284 751 Christi
1304 726 1400 751 sactum
1420 728 1460 751 est

813 769 961 794 remedium
972 769 1090 795 omnium
1102 769 1284 795 infirmitatum
1296 770 1340 796 Vll
1356 770 1406 795 109
1424 770 1457 796 88

812 828 847 831 -
867 814 955 839 Passio
974 813 1069 840 Christi
1089 813 1182 840 liberat
1200 813 1234 840 ab
1248 814 1399 841 infirmitate
1412 821 1459 840 vo-

812 858 918 884 luntatis
936 859 970 884 ad
991 858 1090 884 bonum
1110 859 1143 884 98
1166 858 1193 884 41
1212 873 1247 878 -
1261 859 1349 885 Passio
1363 859 1457 885 Christi

812 902 905 928 liberat
923 910 937 928 3
957 903 1033 935 culpa
1061 904 1155 929 actuali
1176 910 1237 929 cum
1257 904 1413 930 contritione
1432 907 1458 930 et

812 954 827 973 3
847 947 923 980 00103
943 948 1063 980 origInali
1083 955 1131 980 per
1149 956 1178 974 se
1198 949 1282 981 ipsam
1301 947 1336 975 ib.
1359 949 1402 981 38,
1422 950 1455 975 39

811 1006 846 1011 —-
865 993 954 1019 Passio
974 993 1068 1019 liberat
1085 988 1180 1026 ‘genus
1208 995 1356 1020 humanum
1376 994 1456 1027 capti-

812 1044 875 1062 vum
895 1044 943 1069 per
962 1038 1068 1070 culpam
1089 1038 1245 1070 originalem
1265 1037 1329 1065 ibid.

865 1097 899 1101 —
919 1085 1040 1108 mortuus
1058 1086 1097 1108 est
1116 1086 1175 1109 ante
1194 1083 1311 1109 fidelium
1332 1084 1455 1116 multipli-

811 1128 939 1153 cationem
961 1127 1004 1153 vu
1025 1128 1075 1153 513
1096 1128 1131 1153 37
1149 1141 1185 1147 -
1206 1128 1271 1154 fudit
1295 1129 1452 1160 sanguinem

811 1179 859 1204 pro
879 1172 1048 1198 credentibus
1076 1173 1265 1199 confirmandis
1294 1174 1344 1198 198
1365 1174 1399 1199 32
1418 1187 1453 1193 --

810 1224 858 1249 per
877 1220 989 1243 mortem
1008 1224 1084 1243 suam
1105 1217 1218 1243 multum
1247 1219 1360 1245 fructum
1380 1219 1454 1244 affert

810 1262 843 1287 Vl
865 1261 915 1287 417
945 1262 988 1287 37.
1018 1262 1060 1287 Vll
1090 1262 1142 1288 195
1161 1263 1195 1288 22
1221 1263 1300 1288 —ln
1330 1263 1453 1295 passione

809 1305 904 1332 Christi
931 1306 1017 1332 statim
1046 1306 1154 1332 advenit
1184 1314 1297 1339 regnum
1331 1308 1376 1334 Dei
1410 1309 1451 1334 Vll

810 1351 862 1377 545
883 1350 916 1376 24
935 1365 970 1369 -
989 1358 1035 1376 sua
1065 1351 1188 1383 passione
1216 1355 1242 1378 et
1260 1353 1379 1378 oratione
1398 1359 1453 1378 me-

809 1395 861 1421 ruit
879 1395 957 1421 nobis
984 1395 1096 1428 Spiritus
1124 1396 1207 1422 sancti
1230 1396 1399 1423 donationem
1421 1398 1452 1423 vl

811 1439 861 1466 442
881 1440 915 1466 35

861 1499 898 1504 -
916 1485 944 1511 111
964 1485 1086 1517 passione
1105 1484 1199 1512 Christi
1223 1486 1284 1512 data
1304 1489 1343 1512 est
1369 1487 1452 1519 gratia

808 1533 834 1556 et
853 1533 942 1562 aperta
963 1534 1002 1556 est
1021 1531 1097 1556 ianua
1118 1534 1144 1556 et
1163 1531 1290 1563 acquisita
1311 1532 1395 1563 gloria
1408 1532 1450 1557 Vll

809 1574 859 1600 546
881 1575 914 1601 24
933 1589 968 1593 -
987 1576 1053 1600 Ante
1073 1575 1225 1607 passionem·
1250 1583 1329 1602 nemo
1350 1580 1451 1608 poterat

807 1619 904 1645 intrare
923 1627 1036 1652 regnum
1050 1620 1095 1646 Dei
1105 1620 1186 1653 {quia
1203 1621 1317 1653 pretium
1331 1621 1451 1647 nondum

808 1668 863 1690 erat
881 1665 996 1690 solutum
1018 1665 1049 1690 Vl
1076 1665 1127 1690 286
1150 1664 1181 1690 48
1203 1665 1231 1690 3·
1250 1680 1285 1683 —-
1306 1669 1366 1697 post
1385 1673 1452 1691 mor-

808 1712 859 1735 tem
879 1713 968 1740 aperta
989 1710 1064 1735 ianua
1086 1710 1230 1735 introduxit
1243 1710 1268 1735 in
1282 1717 1396 1742 regnum
1411 1718 1450 1736 ca-

807 1754 895 1785 ptivos
914 1754 939 1779 in
960 1753 1041 1779 limbo
1055 1754 1106 1779 592
1122 1755 1136 1779 3
1151 1768 1186 1773 —-—
1200 1755 1225 1780 ln
1242 1755 1364 1786 passione
1378 1755 1451 1781 Chri-

806 1799 839 1824 sti
857 1798 972 1824 deletum
993 1802 1032 1824 est
1056 1799 1264 1831 chirographum
1285 1802 1310 1824 et
1333 1799 1449 1825 abscissa

806 1849 900 1868 manus
919 1844 1025 1868 trahens
1054 1842 1100 1868 421
1131 1842 1165 1868 53
1186 1857 1218 1861 -
1238 1844 1327 1868 Passio
1355 1843 1448 1870 Christi

805 1890 930 1918 operatur
945 1887 969 1912 in
985 1887 1161 1913 sacramentis
1181 1887 1231 1913 514
1253 1888 1284 1913 49
1305 1903 1338 1906 -
1360 1889 1448 1915 Passio

805 1931 899 1958 Christi
918 1939 969 1957 non
989 1932 1097 1958 remittit
1115 1939 1227 1964 poenam
1247 1933 1295 1958 nisi
1316 1933 1357 1959 cui
1379 1934 1448 1959 Deus

804 1976 912 2002 remittit
929 1977 1035 2008 culpam
1054 1975 1116 2003 ibid.

858 2034 893 2040 —
924 2021 949 2046 ln
982 2021 1102 2052 passione
1133 2020 1227 2047 Christi
1257 2025 1295 2048 est
1319 2021 1445 2048 iudicium

805 2065 896 2091 mundi
915 2065 948 2091 X'l
970 2065 1021 2091 420
1042 2065 1083 2091 45.
1105 2066 1151 2091 421
1176 2066 1204 2091 51
1229 2081 1263 2084 —
1284 2067 1310 2092 ln
1324 2068 1447 2099 passione

804 2109 897 2136 Christi
916 2111 1029 2136 revelata
1044 2114 1082 2136 est
1095 2110 1219 2144 iniquitas
1233 2111 1389 2138 ludaeorum
1405 2113 1446 2138 Vll

805 2154 837 2179 62
856 2154 891 2180 78
910 2170 945 2173 -
965 2155 989 2180 111
1011 2154 1106 2181 Christi
1120 2156 1242 2187 passione
1256 2157 1321 2182 sacta
1335 2160 1374 2182 est
1386 2164 1447 2189 gen-

804 2199 887 2225 tilium
908 2200 1060 2225 illuminatio
1080 2203 1105 2225 et
1125 2200 1280 2226 ludaeorum
1300 2201 1446 2227 excaecatio

805 2243 837 2269 Vl
858 2243 908 2269 416
928 2245 971 2269 28.
1001 2243 1052 2270 417
1081 2245 1123 2270 35.
1154 2245 1196 2270 Vll
1222 2245 1269 2270 581
1294 2245 1328 2270 55
1356 2259 1392 2264 -
1420 2246 1445 2271 111

804 2288 926 2320 passione
954 2292 1044 2320 aperta
1074 2288 1121 2314 suit
1139 2288 1305 2320 intelligentia
1326 2289 1368 2315 Vll
1394 2289 1446 2315 545

804 2333 837 2358 24
856 2346 891 2352 ·—
911 2334 945 2358 Ex
964 2333 1171 2358 consideratione
1200 2333 1329 2365 passionis
1351 2333 1445 2359 Christi

803 2377 998 2402 demonstratur
1012 2377 1208 2402 formidandum
1223 2377 1348 2402 iudicium
1362 2381 1445 2403 extre-

804 2428 876 2446 mum
897 2421 948 2446 574
969 2422 1001 2446 36

857 2480 890 2483 —
911 2465 997 2490 Passio
1017 2465 1109 2490 Christi
1129 2466 1153 2490 in
1179 2464 1299 2491 memoris
1323 2465 1443 2491 habenda

804 2509 845 2534 vu
866 2509 916 2534 242
938 2510 970 2534 83
991 2524 1025 2526 -
1046 2509 1159 2541 Quilibet
1178 2516 1235 2535 esse
1249 2509 1327 2535 debet
1341 2517 1442 2535 memor

802 2553 991 2585 suppliciorum
1006 2553 1052 2578 Dei
1066 2553 1098 2578 ad
1113 2553 1327 2585 compatiendum
1341 2554 1374 2578 37
1390 2554 1399 2579 1
1411 2554 1440 2579 14

802 2612 837 2616 -
855 2597 949 2623 Christi
970 2598 1056 2629 passio
1076 2597 1248 2628 ignominiosa
1268 2598 1398 2623 credenda
1417 2602 1443 2624 et

802 2642 963 2668 aestimanda
989 2642 1022 2666 Vl
1048 2641 1094 2667 501
1125 2641 1159 2667 55
1184 2656 1219 2659 -
1245 2645 1364 2667 mortuus
1393 2650 1442 2674 pro

802 2686 878 2713 nobis
897 2686 1091 2719 praedicandus
1109 2689 1134 2712 et
1152 2686 1294 2712 imitandus
1307 2687 1358 2712 592
1379 2687 1394 2713 4
1407 2701 1442 2707 -—

803 2731 954 2757 Praedicare
974 2730 1127 2756 crucifixum
1153 2731 1272 2763 iniquum
1298 2734 1404 2763 putatur
1427 2739 1441 2757 a

802 2774 1016 2808 persecutoribus
1036 2775 1078 2800 Vll
1099 2774 1150 2800 527
1174 2775 1204 2800 19

856 2834 890 2838 —-
911 2823 1030 2845 mortuus
1051 2826 1098 2850 pro
1117 2818 1194 2844 nobis
1213 2822 1252 2845 est
1264 2820 1394 2846 amandus
1407 2821 1440 2846 Vl

802 2865 853 2890 592
867 2864 882 2890 4
896 2879 930 2882 -
944 2864 1027 2889 Ardor
1041 2863 1237 2889 benevolentiae
1255 2864 1289 2889 ad
1308 2863 1440 2890 Christum

801 2916 910 2941 passum
938 2912 977 2933 est
1005 2908 1121 2939 gladius,
1146 2908 1192 2940 qui
1218 2907 1297 2933 debet
1324 2909 1439 2934 animam

800 2953 959 2985 pertransire
985 2952 1026 2978 Vll
1047 2952 1079 2977 62
1105 2952 1138 2977 79
1158 2966 1193 2969 -
1212 2951 1314 2977 Christo
1333 2959 1440 2985 compa-

801 2997 920 3023 tiendum
948 3000 987 3022 est
1014 2997 1107 3021 affectu
1137 2996 1254 3028 piissimo
1280 2996 1330 3022 573
1352 2997 1385 3022 32
1405 3012 1440 3015 -

801 3042 862 3067 Dies
885 3041 1014 3073 passionis
1042 3040 1135 3066 Chr1sti
1163 3040 1244 3065 debet
1266 3047 1327 3066 cum
1353 3041 1441 3067 multis

801 3086 924 3118 lacrymis
951 3084 1079 3111 celebrari
1106 3083 1139 3110 ib.
1165 3084 1197 3109 33
1232 3098 1262 3103 —-
1289 3085 1441 3111 Recolentes

801 3130 949 3163 passionem
968 3128 1076 3159 Christi,
1096 3127 1226 3154 debemus
1244 3129 1308 3155 llere
1326 3136 1378 3155 non
1392 3136 1440 3161 pro

802 3175 874 3206 ipso,
887 3174 934 3199 sed
948 3172 1036 3198 habito
1049 3176 1170 3204 respectu
1190 3172 1223 3198 ad
1243 3177 1380 3205 peccatum
1395 3181 1441 3200 no-

801 3222 884 3244 strum
904 3221 929 3243 et
957 3218 1042 3243 scelus
1069 3217 1174 3249 generis
1198 3218 1305 3243 humani
1324 3216 1386 3244 ibid.
1405 3231 1441 3237 —

802 3263 828 3287 ln
848 3268 926 3288 cruce
944 3261 1038 3288 Christi
1068 3260 1200 3288 invenitur
1228 3261 1346 3293 planctus
1372 3268 1441 3287 com-

801 3306 930 3339 passionis
948 3313 1008 3332 cum
1028 3306 1122 3332 laetitia
1141 3305 1329 3338 redemptionis
1342 3305 1374 3331 Vl
1389 3305 1440 3331 547

801 3352 817 3377 5
842 3365 877 3369 --
902 3351 927 3376 111
953 3351 1174 3377 communicando
1202 3350 1317 3382 passioni
1346 3349 1439 3376 Christi

2067 203 2129 234 715

1743 242 1806 268 01111
1828 243 1882 275 (25)

1494 283 1625 310 invenitur
1644 285 1719 311 dolor
1737 287 1927 319 compassionis
1956 296 1986 314 ex
2012 290 2133 316 amaritu-

1494 327 1554 353 dine
1572 331 1598 354 et
1617 328 1729 355 dulcedo
1755 332 1938 358 consolationis
1967 340 1997 358 ex
2026 334 2132 360 utilitate

1496 371 1526 397 Vl
1547 372 1598 397 613
1620 372 1634 397 4
1656 387 1687 391 -
1708 374 1743 399 Ex
1769 375 1977 402 consideratione
2005 378 2134 409 passionis

1494 414 1586 440 Christi
1607 416 1690 442 oritur
1709 418 1812 444 afflictio
1832 420 1884 444 319
1907 421 1932 445 11

1548 473 1582 478 —
1601 461 1730 487 Passionis
1749 462 1843 488 Christi
1857 465 2030 491 consideratio
2043 471 2081 492 est
2095 475 2132 493 ar-

1494 506 1596 529 matura
1619 505 1770 537 accipienda
1800 507 1826 532 in
1856 511 1974 540 tempore
2002 511 2070 536 malo
2092 512 2133 537 Vll

1495 547 1547 572 555
1567 548 1599 573 49
1620 563 1655 567 —
1675 551 1762 576 Passio
1790 551 1882 577 Christi
1908 557 2035 585 temperat
2063 556 2134 581 duri-

1495 591 1556 617 tiam
1576 599 1677 624 poenae
1698 594 1728 619 Vl
1749 595 1800 620 565
1814 596 1829 620 6
1844 610 1878 614 —
1893 597 1916 622 ln
1932 598 2052 629 passione
2065 599 2134 624 Chri-

1495 636 1526 661 sti
1545 643 1638 662 omnes
1662 637 1800 664 Christiani
1828 640 1924 666 habent
1951 643 2134 674 resectionem,

1495 680 1543 705 sed
1562 680 1595 706 illi
1623 682 1789 714 potissimum
1818 683 1994 717 oblectantur,
2023 688 2068 719 qui
2088 695 2134 719 per

1495 725 1566 750 illam
1585 732 1614 751 se
1632 733 1646 751 a
1667 726 1811 753 maioribus
1831 729 1906 755 malis
1924 733 1950 755 et
1969 731 2090 762 periculis
2110 736 2134 758 et

1495 770 1609 801 peccatis
1628 770 1751 797 liberatos
1769 772 1859 798 vident
1878 773 1920 799 Vll
1941 775 1992 799 398
2013 775 2045 800 40

1548 828 1584 833 -
1604 815 1691 841 Passio
1710 815 1805 842 Christi
1824 816 1954 845 imitanda.
1973 819 2005 844 Vl
2026 820 2075 845 418
2091 821 2131 853 37,

1494 858 1528 883 38
1547 873 1582 876 —
1602 859 1693 885 invitat
1712 861 1746 886 ad
1766 862 1915 893 passionem
1935 870 2010 889 suam
2032 865 2131 890 imitan-

1494 903 1555 928 dam
1580 903 1631 929 526
1661 904 1703 930 41.
1723 905 1775 931 527
1800 906 1832 931 43
1863 921 1896 925 —
1926 908 2013 934 Passio
2038 908 2131 935 Christi

1493 954 1544 973 non
1571 948 1650 974 habet
1676 951 1797 976 effectum
1827 951 1876 977 nisi
1905 952 1929 977 in
1958 952 2133 979 imitatoribus

1492 991 1586 1018 Christi
1607 992 1659 1019 417
1679 994 1712 1019 36
1732 1009 1767 1012 -
1787 995 1875 1021 Nullus
1889 999 1974 1028 potest
1987 1004 2047 1023 00111
2062 997 2133 1024 Chri-

1491 1040 1531 1063 sto
1550 1044 1675 1069 regnare,
1689 1039 1738 1064 nisi
1751 1040 1897 1072 passionem
1918 1041 1974 1067 eius
1988 1043 2063 1068 suerit
2076 1043 2134 1068 imi-

1491 1085 1559 1108 tatus
1579 1083 1621 1108 Vll
1642 1084 1693 1109 595
1714 1084 1747 1110 33

1528 1128 1560 1153 25
1579 1142 1615 1146 -
1634 1128 1736 1160 Corpus
1756 1129 1811 1155 lesu
1832 1129 1981 1162 depositum
2001 1138 2014 1156 a
2041 1133 2132 1164 loseph

1491 1172 1522 1198 Vl
1543 1172 1594 1198 502
1623 1173 1652 1198 61
1683 1188 1716 1191 -
1744 1173 1846 1206 Corpus
1875 1175 1970 1201 Christi
1998 1177 2131 1202 conditum

1489 1217 1564 1250 quasi
1584 1224 1636 1243 non
1657 1224 1867 1245 resurrecturum
1893 1220 1943 1245 503
1964 1221 2006 1246 62.
2026 1220 2077 1246 504
2098 1222 2131 1246 68

1488 1275 1525 1281 -
1543 1262 1569 1287 ln
1588 1262 1737 1288 conditione
1757 1264 1875 1296 corporis
1903 1264 1995 1290 Christi
2015 1266 2131 1291 crucifixi

1490 1313 1542 1332 non
1562 1310 1617 1332 erat
1636 1307 1748 1339 perditio
1768 1315 1815 1333 nec
1841 1309 2006 1340 superfluitas
2027 1310 2076 1335 503
2097 1311 2130 1335 68

1490 1365 1525 1369 -
1545 1354 1665 1377 1110111105
1683 1352 1805 1378 conditus
1824 1353 1871 1378 suit
1891 1357 2040 1386 unguento,
2060 1355 2132 1380 invo-

1490 1397 1559 1422 lutus
1577 1396 1684 1422 sudario
1698 1400 1724 1422 et
1737 1398 1889 1423 reconditus
1902 1398 1928 1423 in
1942 1400 2063 1430 sepulcro
2078 1400 2128 1424 618

1491 1441 1500 1466 Ἰ
1520 1455 1554 1459 -
1568 1441 1615 1466 suit
1634 1442 1757 1467 conditus
1777 1446 1911 1474 unguento
1925 1443 2000 1469 nardi
2013 1450 2027 1468 a
2041 1444 2128 1474 Maria,

1490 1489 1625 1518 unguento
1637 1487 1760 1518 myrrhae
1773 1490 1798 1512 ct
1811 1487 1881 1512 aloes
1895 1494 1908 1512 a
1923 1488 2065 1513 Nicodemo
2079 1488 2130 1513 619

1490 1531 1505 1555 2
1524 1544 1559 1549 -
1579 1531 1625 1556 suit
1645 1530 1785 1564 involutus⁴
1797 1532 1906 1557 sindone
1925 1535 1950 1557 et
1969 1532 2052 1557 linteis
2066 1531 2100 1557 id.
2115 1533 2129 1557 3

1488 1589 1523 1593 —
1541 1574 1645 1607 Corpus
1657 1575 1750 1602 Christi
1765 1576 1911 1602 involutum
1926 1576 2129 1608 linteaminibus,

1489 1623 1514 1645 et
1540 1620 1647 1646 sudario
1677 1621 1755 1647 facies
1781 1621 1832 1646 505
1861 1622 1875 1646 8
1902 1636 1936 1639 -
1960 1622 2129 1647 Mundissima

1488 1671 1549 1690 0310
1568 1665 1663 1691 Christi
1683 1666 1930 1691 convenientissime
1954 1666 2070 1692 involuta
2090 1670 2129 1692 est

1488 1709 1513 1734 in
1533 1710 1643 1735 sindone
1663 1710 1759 1736 munda
1782 1710 1824 1736 Vll
1845 1710 1896 1736 584
1916 1711 1950 1736 64

1542 1768 1575 1772 -
1594 1754 1696 1786 Corpus
1715 1754 1810 1781 Christi
1829 1755 1963 1781 conditum
1993 1759 2017 1781 et
2046 1757 2129 1788 sepul-

1487 1801 1542 1824 tum
1563 1799 1705 1825 honorifice
1725 1800 1756 1825 Vl
1777 1800 1828 1825 503
1849 1801 1882 1825 63
1902 1814 1937 1819 -
1950 1801 2090 1826 collocatus
2102 1802 2126 1826 in

1486 1844 1607 1875 sepulcro
1625 1851 1696 1869 novo
1724 1847 1749 1869 et
1775 1845 1925 1878 propinquo
1951 1849 2059 1877 propter
2078 1846 2127 1871 loci

1486 1889 1677 1920 congruitatem
1705 1891 1730 1914 et
1758 1889 1885 1920 temporis
1909 1889 2064 1915 brevitatem
2091 1889 2124 1916 ib.

1486 1933 1529 1964 64,
1548 1933 1582 1959 65
1601 1948 1635 1951 -
1655 1940 1707 1958 11011
1726 1934 1845 1965 sepultus
1862 1941 1875 1958 a
1897 1934 2032 1966 discipulis
2044 1934 2078 1960 ib.
2092 1935 2125 1959 66

1485 1993 1519 1996 —
1539 1979 1675 2010 Sepultura
1696 1977 1788 2003 Christi
1808 1981 1863 2003 erat
1882 1978 1913 2003 ad
1929 1978 2008 2004 iidem
2023 1982 2126 2004 nostrae

1485 2022 1681 2047 resurrectionis
1707 2022 1874 2047 astruendam
1901 2022 1951 2047 504
1972 2023 2004 2047 69
2025 2037 2059 2040 —
2083 2023 2126 2048 de-

1485 2067 1541 2092 buit
1559 2067 1661 2098 sepeliri
1682 2067 1708 2092 in
1728 2067 1785 2092 loco
1805 2066 1902 2098 patenti
1923 2070 1948 2092 et
1968 2066 2124 2092 honorabili-

1485 2114 1522 2136 tcr
1541 2111 1643 2142 sepeliri
1663 2114 1688 2136 ct
1707 2110 1844 2143 custodiri,
1860 2114 1887 2136 ut
1899 2111 1955 2136 eius
1968 2112 2124 2137 resurrectio

1484 2158 1552 2181 esset
1570 2158 1638 2181 certa
1658 2153 1720 2180 ibid.

1538 2213 1573 2217 —
1593 2199 1640 2224 suit
1659 2199 1809 2225 reconditus
1829 2200 1854 2224 in
1880 2201 1954 2225 horto
1980 2203 2005 2225 et
2025 2200 2049 2225 in
2069 2207 2123 2226 mo-

1484 2247 1609 2269 numento
1631 2244 1661 2269 vt
1676 2244 1726 2268 6l9
1749 2243 1763 2269 4
1782 2257 1818 2262 -
1837 2244 1939 2276 positus
1958 2244 2004 2270 suit
2024 2244 2050 2269 in
2070 2252 2123 2270 mo-

1484 2291 1607 2313 numento
1628 2288 1726 2320 exciso,
1746 2288 1807 2321 quia
1827 2291 1882 2313 erat
1895 2289 1960 2320 lapis
1973 2289 2074 2314 excisus
2088 2289 2122 2314 de

1483 2335 1572 2357 monte
1591 2332 1647 2357 sine
1667 2331 1788 2357 manibus
1808 2332 1850 2357 Vll
1870 2332 1921 2357 584
1942 2332 1975 2357 65
1995 2347 2029 2351 —
2055 2333 2122 2365 0051ν

1483 2379 1523 2401 tus
1547 2376 1594 2401 ruit
1621 2376 1646 2401 in
1676 2380 1847 2401 monumento
1873 2377 1974 2407 exciso,
2004 2384 2036 2402 ne
2061 2378 2120 2410 quis

1483 2423 1571 2452 posset
1590 2421 1676 2446 dicere
1685 2440 1691 2451 ,
1705 2421 1777 2453 quod
1791 2421 1931 2446 suffossum
1945 2424 2013 2447 csset
2027 2428 2120 2447 mouu-

1482 2468 1598 2490 mentum
1617 2464 1679 2491 ibid.
1698 2480 1731 2482 —
1752 2465 1778 2490 111
1798 2466 1919 2497 sepulcro
1933 2465 2026 2491 Christi
2040 2473 2118 2492 nemo

1481 2509 1580 2541 positus
1606 2510 1701 2540 suerat,
1720 2516 1754 2534 110
1782 2510 1849 2535 01105
1863 2511 2018 2543 ‘crederetur
2037 2518 2121 2536 resur—

1480 2554 1577 2579 rexisse
1598 2554 1629 2579 Vl
1650 2554 1700 2579 503
1721 2553 1753 2579 64

1533 2613 1568 2616 -
1587 2599 1704 2630 sepultus
1724 2598 1766 2624 die
1786 2598 1907 2631 Sabbau,
1923 2599 1947 2624 in
1962 2607 2013 2632 qua
2028 2600 2118 2632 incipit

1480 2644 1591 2675 septima
1610 2646 1681 2668 aetas
1701 2643 1742 2668 Vll
1763 2644 1808 2669 36l
1835 2644 1866 2668 13
1881 2658 1915 2661 ——
1929 2643 2012 2669 tribus
2025 2644 2119 2670 diebus

1480 2688 1643 2720 incompletis
1663 2688 1708 2713 suit
1726 2688 1754 2713 in
1773 2689 1894 2719 sepulcro
1914 2688 1945 2713 Vl
1968 2688 2017 2713 276
2038 2689 2070 2714 33
2085 2703 2119 2707 -

1479 2733 1527 2758 Per
1546 2733 1661 2765 quietem
1681 2732 1774 2758 Christi
1801 2732 1826 2757 in
1852 2734 1973 2765 sepulcro
1994 2735 2057 2758 sacta
2079 2737 2117 2758 est

1478 2777 1597 2803 liberatio
1624 2777 1772 2802 animarum
1802 2777 1843 2802 Vll
1874 2777 1925 2802 585
1956 2778 1988 2802 69
2017 2792 2051 2795 —
2071 2778 2119 2802 Per

1477 2821 1571 2848 Christi
1599 2821 1713 2854 quietem
1743 2820 1871 2846 habemus
1897 2821 2032 2847 veritatem
2064 2822 2116 2847 (1101

1477 2866 1603 2898 septimae
1617 2869 1641 2891 et
1654 2869 1836 2897 exspectamus
1855 2866 2072 2891 resurrectionem
2093 2870 2118 2891 et

1477 2910 1692 2943 glorificationem
1711 2913 1818 2935 octavae
1838 2908 1872 2935 ib.
1891 2910 1924 2934 68

1530 2969 1565 2972 —
1584 2954 1692 2979 extraxit
1710 2954 1810 2979 animas
1836 2953 1869 2978 de
1897 2955 1971 2978 fovea
1991 2954 2033 2979 die
2054 2953 2119 2978 Sab-

1478 2997 1545 3029 bati‚
1565 3005 1617 3031 qua
1636 2998 1754 3030 sepultus
1783 3002 1821 3023 est
1850 2998 1891 3023 vu
1911 2999 1957 3023 361
1987 2998 2015 3023 13
2036 3012 2071 3015 -
2089 2998 2116 3023 111

1477 3042 1674 3067 105011001101115
1703 3041 1835 3073 triumpho
1860 3041 1979 3066 liberavit
1996 3042 2117 3073 captivos

1478 3086 1493 3111 6
1514 3086 1542 3111 21
1566 3100 1601 3103 -
1620 3086 1773 3110 Sanctorum
1794 3085 1895 3110 animas
1914 3085 1946 3110 de
1960 3084 2040 3110 limbo
2054 3085 2116 3110 edu-

1478 3130 1513 3156 xit
1532 3129 1564 3154 Vl
1598 3129 1645 3154 160
1665 3136 1691 3154 v.
1712 3130 1721 3154 1
1746 3144 1780 3147 -
1799 3135 1922 3154 reversus
1949 3132 1988 3154 est
2016 3129 2049 3154 de
2077 3129 2115 3154 in-

1479 3175 1551 3200 ferno
1569 3173 1699 3205 superiori
1722 3174 1768 3198 119
1790 3181 1816 3199 v.
1839 3174 1845 3197 l

1513 3218 1546 3243 26
1566 3231 1601 3237 -
1619 3224 1669 3243 11011
1694 3221 1749 3243 erat
1771 3217 1938 3250 quaerendus
1964 3223 2025 3242 cum
2045 3224 2115 3242 mor-

1477 3262 1528 3288 tuis
1548 3262 1580 3287 Vt
1601 3262 1651 3287 508
1672 3262 1704 3287 23
1723 3275 1759 3280 -
1778 3261 1879 3293 Corpus
1899 3260 1993 3286 Christi
2011 3268 2064 3287 non
2079 3262 2114 3286 in-

1477 3306 1581 3331 venitur
1606 3305 1630 3331 in
1659 3306 1793 3337 sepulcro,
1813 3305 1874 3338 quia
1893 3305 1946 3330 iam
1965 3308 2020 3331 erat
2039 3312 2113 3331 resu-

1476 3350 1596 3375 scitatum
1617 3350 1659 3375 Vll
1680 3350 1731 3375 588
1752 3349 1767 3375 5
1786 3363 1821 3369 —-
1840 3349 1961 3380 00001131,
1980 3350 2051 3382 quod
2070 3349 2114 3375 illo
