2427 3872
424 222 478 248 IOB

131 267 165 294 ad
184 267 327 294 videndam
346 267 478 292 civitatem
498 269 614 292 sanctam
631 267 721 293 011100
738 266 772 292 ad

131 312 340 339 denuntiandum
366 310 428 338 ibid.
447 325 482 330 —
501 311 589 337 floruit
613 310 708 343 triplici
731 317 773 343 ge-

131 363 194 383 nere
212 356 368 389 prophetiae
387 354 449 383 ibid.

184 416 219 420 —-
241 404 269 427 ut
287 400 365 433 virgo
393 400 562 432 incorruptus
588 403 614 425 et
642 401 774 432 perfectus

131 445 224 471 debuit
241 452 429 471 consummare
447 448 473 470 et
492 447 552 477 post
573 445 638 470 alios
657 443 773 470 scribere

130 490 301 522 Evangelium
322 490 354 516 Vl
375 489 427 515 245
446 489 464 515 b
483 503 517 508 —-
536 488 636 515 distulit
657 487 774 515 scribere

131 534 303 567 Evangelium
328 536 354 560 et
372 534 480 560 ultimus
498 533 603 566 scripsit
622 535 651 559 ut
668 533 773 559 iuvenis

131 582 157 605 et
175 579 344 605 verecundus
363 578 415 605 242
435 578 474 604 3“.
494 578 546 604 245
559 577 578 603 b
595 591 631 597 —
649 577 771 603 instinctu

131 623 244 656 Spiritus
271 623 353 649 sancti
382 623 501 655 permisit
528 622 593 648 alios
619 621 693 654 prius
712 621 772 647 scri-

131 668 209 700 bere,
228 670 256 694 ut
275 668 372 694 omissa
400 670 492 700 postea
516 667 652 699 suppleret
671 666 722 692 243
743 665 772 692 3·

130 726 166 732 -
184 715 304 739 versatur
331 711 400 738 circa
419 711 585 737 Divinitatem
603 713 630 736 et
648 710 717 736 circa
736 710 773 735 vi-

131 760 184 783 tam
211 756 443 789 contemplativam
462 759 488 782 et
506 756 567 782 ideo
586 755 691 788 scripsit
713 758 773 787 post

130 802 195 828 alios
222 801 285 829 ibid.
312 815 348 821 —
378 801 472 827 ceteris
501 800 594 826 melius
619 802 773 826 servaverat

131 847 303 879 Evangelium
323 845 383 873 ibid.
402 860 439 866 —
457 847 484 871 ln
503 853 535 871 οο
554 844 583 871 ut
602 843 706 871 in'arca
723 845 773 871 sal-

130 894 221 917 vatum
241 894 280 918 est
301 898 394 917 semen
421 889 496 917 verbi
522 889 605 916 divini
630 889 677 916 241
703 889 718 915 4
737 903 773 908 -

130 942 215 968 pauca
234 938 322 962 narrat
334 936 368 961 de
382 935 468 967 primo
484 941 553 960 anno
572 934 774 966 praedicationis

131 979 241 1011 Christi,
259 980 320 1013 quia
341 980 383 1005 alii
402 982 574 1005 narraverant
592 979 645 1004 319
661 979 677 1005 5
692 993 725 997 -
738 979 772 1005 ab

131 1024 263 1058 aliquibus
282 1024 378 1051 dicitur
396 1023 532 1050 addidisse
545 1023 688 1056 Evangelio
701 1030 774 1049 com-

130 1066 202 1101 pleto
221 1069 273 1096 355
294 1070 326 1095 13

183 1127 219 1133 -
238 1115 265 1139 111
284 1120 316 1139 eo
336 1113 524 1145 multiplicatae
552 1114 613 1138 sunt
630 1119 717 1145 aquae
735 1119 773 1138 sa-

131 1157 243 1190 pientiae
261 1158 395 1189 salutaris,
409 1157 455 1190 qui
469 1158 566 1182 fluenta
585 1156 721 1188 Evangelii
739 1157 773 1183 de

131 1205 237 1234 pectore
256 1202 361 1229 Domini
380 1201 481 1234 potavit
499 1201 532 1227 Vl
553 1200 599 1227 241
620 1200 634 1226 4
648 1215 683 1219 -—
697 1201 773 1234 aquis

130 1246 273 1278 sapientiae
292 1247 410 1272 elevatus
428 1248 468 1272 est
492 1252 573 1278 super
590 1252 683 1271 omnes
702 1252 774 1272 mon-

130 1293 170 1316 tes
192 1289 255 1317 ibid.
273 1306 308 1310 —
327 1298 419 1317 omnes
446 1290 576 1316 antecellit
600 1289 626 1315 in
653 1290 773 1316 doctrina

130 1335 283 1367 evangelica
302 1334 364 1362 ibid.
385 1335 436 1361 242
455 1335 472 1360 7

183 1394 218 1397 -
237 1379 334 1412 Spiritu
360 1379 452 1406 divino
471 1380 574 1405 amatus
593 1381 773 1411 perscrutatus

133 1426 173 1450 est
191 1426 216 1450 et
235 1423 373 1456 descripsit
391 1424 511 1450 caelestia
526 1424 562 1450 Vi
578 1423 629 1449 244
648 1430 662 1448 3
682 1438 717 1441 -
735 1429 774 1448 10-

132 1471 173 1494 010
191 1470 217 1493 01
236 1467 324 1494 debite
342 1468 489 1494 sublimiter
518 1469 621 1494 locutus
639 1470 691 1499 est,
710 1467 772 1500 quia

132 1511 225 1538 habuit
243 1512 380 1538 materiam
400 1513 477 1538 altam
497 1516 523 1538 et
541 1512 710 1538 intentionem
725 1511 772 1537 bo-

131 1563 191 1583 nam
211 1559 237 1583 et
255 1557 391 1583 audientes
419 1560 560 1590 provectos
588 1556 624 1583 ib.
645 1555 674 1583 2*
691 1570 727 1576 -
746 1556 772 1583 111

131 1601 188 1628 01115
211 1608 332 1628 sermone
352 1602 451 1628 invenit
470 1603 597 1634 parvulus
616 1602 670 1632 lae,
690 1602 773 1633 perte-

131 1649 189 1672 ctus
208 1646 322 1672 solidum
343 1645 448 1678 cibum,
469 1646 505 1672 ibi
524 1647 632 1678 elephas
650 1648 735 1677 natat,
748 1648 774 1671 et

130 1697 216 1723 agnus
235 1691 334 1723 peditat
352 1690 414 1717 ibid.

185 1749 219 1754 —-
239 1735 265 1761 in
284 1736 428 1768 Evangelio
448 1735 524 1762 altius
543 1734 669 1761 omnibus
685 1737 724 1760 est
738 1735 772 1760 lo-

131 1782 208 1805 cutus
227 1780 260 1805 Vl
276 1779 321 1806 241
342 1780 356 1806 4
377 1795 412 1799 -
430 1776 569 1813 est'aquila
583 1778 617 1806 ib.
630 1780 646 1805 5
665 1791 701 1798 ·-
719 1779 774 1811 agit

131 1823 165 1849 de
183 1824 323 1851 Divinitate
340 1824 422 1851 Verbi
443 1825 537 1851 latente
557 1824 581 1850 in
595 1823 698 1850 Christo
711 1822 773 1850 ibid.

131 1882 166 1887 —
186 1868 324 1901 descripsit
343 1869 494 1896 divinorum
514 1875 626 1901 operum
649 1868 774 1894 excellen-

131 1912 209 1946 tiam,
228 1913 295 1939 sicut
314 1913 477 1940 nobilissima
504 1912 630 1939 miracula
658 1914 684 1938 et
705 1912 774 1938 altis—

132 1957 198 1983 sima
218 1957 376 1984 documenta
396 1957 465 1985 ibim

185 2015 220 2020 -—-
238 2002 354 2035 loquitur
378 2001 592 2029 certitudinaliter
611 2003 640 2027 ut
653 2000 725 2027 testis
737 2001 771 2027 Vl

133 2045 180 2072 241
205 2046 229 2072 6.
250 2046 301 2073 242
315 2047 330 2072 8
345 2061 379 2066 -
393 2046 515 2073 Doctrina
534 2045 668 2077 Evangelii
682 2052 773 2072 secun·

132 2090 197 2116 dum
226 2091 352 2117 loannem
379 2092 453 2118 ducit
480 2091 514 2117 ad
537 2090 619 2116 vitam
639 2093 773 2116 aeternam

133 2141 181 2167 per
200 2135 279 2162 fldem
299 2136 394 2163 Christi
413 2136 465 2162 242
485 2135 511 2168 7,
531 2136 546 2160 8
565 2149 600 2153 —
619 2135 706 2167 primo
719 2135 774 2167 agit

132 2179 166 2205 de
185 2179 274 2206 Verbo
294 2181 320 2207 in
339 2188 381 2212 se,
395 2180 527 2212 secundo,
541 2182 570 2206 ut
582 2182 621 2206 est
633 2179 705 2205 carni
718 2180 773 2206 11111-

132 2227 187 2250 tum
217 2224 268 2251 246
300 2226 308 2250 1
341 2239 377 2245 -
405 2225 460 2257 agit
483 2225 517 2251 de
541 2223 714 2257 sublimibus,
738 2225 773 2250 de

132 2267 222 2294 Verbo
250 2269 385 2297 incarnato
404 2270 551 2296 secundum
571 2272 711 2302 utramque
729 2276 773 2295 na-

134 2316 220 2339 turam
250 2314 295 2340 241
330 2315 346 2340 5
365 2328 400 2334 -
419 2314 592 2347 Evangelium
620 2313 723 2345 scripsit
745 2313 770 2338 in

132 2357 191 2383 Asia
212 2361 271 2390 post
290 2359 477 2392 Apocalypsim
497 2358 549 2385 245
569 2359 584 2384 2

185 2417 220 2421 -
240 2410 293 2429 non
321 2406 377 2430 erat
404 2411 531 2436 passurus
558 2403 592 2429 Vl
613 2402 664 2428 527
685 2402 717 2428 46
736 2416 772 2421 -

133 2446 196 2472 salso
224 2447 382 2474 credebatur
410 2455 464 2474 non
492 2455 550 2474 esse
570 2447 714 2473 moriturus
737 2445 771 2473 ib.

134 2490 166 2516 47
186 2505 221 2511 -
240 2493 381 2524 praescivit
409 2496 522 2519 mortem
541 2495 567 2518 et
585 2492 696 2518 traditur
715 2491 771 2517 sine

134 2535 224 2562 dolore
252 2538 385 2563 transiisse
414 2537 465 2563 245
485 2537 502 2563 b
522 2551 556 2556 -
575 2537 638 2563 salso
657 2536 773 2562 creditur

133 2580 277 2607 moriturus
295 2581 321 2607 in
340 2582 456 2608 adventu
477 2581 595 2612 Domini,
614 2580 656 2607 vel
674 2587 773 2606 assum-

132 2627 193 2656 ptus
211 2631 282 2658 esse;
302 2626 348 2652 sed
369 2629 489 2652 mortuus
502 2629 554 2659 est,
568 2629 594 2652 at
607 2632 704 2658 corpus
716 2624 773 2651 eius

132 2674 185 2694 non
204 2669 335 2696 invenitur
354 2670 405 2696 529
425 2670 459 2696 53

187 2714 226 2739 lon
245 2728 279 2732 —
299 2717 338 2740 est
357 2714 442 2747 figura
461 2713 554 2741 Christi
568 2714 612 2740 Vll
626 2714 676 2740 596
691 2713 725 2739 34
738 2728 773 2732 —

134 2760 173 2783 est
192 2758 276 2790 ligura
295 2758 442 2784 activorum
462 2758 494 2784 Vl
516 2759 567 2785 592
586 2766 604 2784 v
627 2758 652 2785 ὅ.
666 2759 707 2784 Vll
725 2757 772 2783 l72

135 2801 179 2826 31.
199 2800 250 2827 446
270 2802 303 2827 58

187 2859 220 2864 —-
240 2846 287 2872 suit
314 2846 518 2873 adversitatibus
536 2848 647 2873 amictus
676 2847 707 2872 Vl
737 2846 773 2871 69

132 2895 159 2914 v.
180 2888 212 2914 14
231 2904 266 2908 -
287 2890 355 2916 Deus
373 2891 478 2924 reliquit
498 2891 543 2917 lob
556 2891 582 2917 in
600 2898 679 2917 manu
699 2893 774 2916 satan

132 2933 300 2960 derelictione
319 2934 482 2967 probationis
502 2936 552 2961 363
572 2935 606 2961 44

188 2977 258 3003 101115
276 2993 310 2997 -
329 2982 369 3005 est
387 2979 472 3011 figura
486 2979 542 3005 lesu
555 2978 650 3005 Christi
665 2979 708 3005 Vll
722 2979 772 3005 298

133 3021 176 3053 64,
196 3022 229 3048 65
248 3036 283 3041 —
311 3023 462 3055 designavit
488 3023 621 3049 Christum
650 3030 773 3056 passum,

133 3069 267 3092 mortuum
291 3069 317 3092 et
342 3067 495 3094 suscitatum
515 3066 550 3093 ib.
568 3067 603 3093 65
621 3081 656 3086 -
677 3067 723 3093 fuit
743 3067 774 3093 sir

134 3116 216 3141 gnum
245 3110 363 3137 Ninivitis
386 3118 439 3137 11011
468 3114 568 3137 1311111111
597 3110 695 3142 verbo,
725 3111 773 3137 sed

133 3153 211 3179 etiam
231 3154 349 3180 miraculi
370 3156 437 3181 tacto
456 3154 518 3182 ibid.
537 3169 573 3174 —
592 3158 648 3181 erat
666 3155 772 3187 ignotus

133 3197 266 3227 Ninivitis,
286 3199 451 3230 praedicavit
474 3199 566 3232 paucis
590 3199 700 3231 diebus,
718 3202 774 3225 erat

134 3241 214 3267 homo
224 3248 316 3274 purus,
325 3243 425 3269 nullum
437 3243 497 3270 tecit
507 3243 662 3270 miraculum
674 3243 724 3269 299
739 3243 772 3269 68

187 3286 266 3311 lenm
284 3299 319 3305 —
338 3286 522 3319 interpretatur
541 3288 658 3314 excelsus
671 3287 712 3313 vel
726 3288 773 3313 Do·

135 3329 199 3355 mini
219 3328 365 3355 sublimitas
385 3331 416 3356 Vl
437 3331 487 3357 587
507 3333 522 3357 6

801 177 839 209 lN
861 175 1156 209 COMMENTARIOS
1178 176 1210 208 S.
1233 176 1463 211 SCRIPTURAE

865 265 957 291 101111ΛΝ
976 279 1010 283 —
1030 264 1166 291 Transitus
1185 264 1302 290 iordanis
1324 265 1454 297 significat

811 312 923 336 mortem
943 310 976 335 Vl
997 309 1048 335 597
1069 310 1085 335 2

864 355 985 380 1051111111·
1006 368 1038 372 -
1059 354 1245 386 interpretatur
1270 354 1344 379 vallis
1363 354 1453 380 iudicii

811 399 854 424 Vll
876 398 926 424 438
947 398 981 424 37

864 443 948 468 lost-:ru
969 457 1003 461 —
1023 443 1207 474 interpretatur
1226 443 1311 469 iustus
1340 444 1372 469 Vl
1402 443 1452 469 175

812 495 837 513 ν,
860 487 892 513 13
911 501 947 506 -
967 487 1150 519 interpretatur
1169 490 1343 519 augmentum
1361 491 1387 514 et
1405 495 1453 520 per

810 539 871 558 eum
892 531 1043 564 intelligitur
1062 532 1146 558 virtus
1166 532 1279 558 iustitiae
1298 532 1341 558 Vll
1361 532 1394 558 64
1409 533 1452 557 89.

810 577 843 601 88
864 577 897 602 63
917 590 951 595 —-
970 576 1018 602 l'uit
1036 576 1121 608 ssgura
1151 577 1208 602 lesu
1237 576 1332 602 Christi
1352 577 1386 602 24
1407 577 1450 603 55.

811 620 861 646 468
890 621 933 646 55.
962 620 1013 646 507
1044 621 1086 646 19.
1112 620 1159 646 541
1185 621 1200 646 6
1226 635 1262 639 -
1287 628 1382 647 exosus
1407 623 1454 647 sra-

809 664 894 690 tribus
918 665 965 690 tuit
988 665 1074 697 figura
1103 664 1198 691 Christi
1227 666 1259 691 Vl
1286 665 1338 692 454
1365 667 1399 692 38
1417 680 1453 686 -

810 709 934 736 venditus
952 716 966 735 a
988 709 1112 736 iratribus
1130 713 1170 735 est
1189 710 1275 742 figura
1295 709 1388 737 Christi
1410 712 1452 737 Vll

810 753 862 779 542
882 754 907 779 6.
927 753 979 779 596
1000 753 1033 779 34
1048 768 1081 773 -·
1096 754 1216 779 Salvator
1231 755 1321 781 mundi
1335 756 1454 788 signatus

810 801 850 824 est
868 805 916 830 per
936 799 1027 830 loseph
1048 799 1081 824 Vl
1102 799 1153 824 299
1183 799 1217 824 62
1242 812 1277 818 -
1302 800 1454 826 nominatus

811 843 898 875 lingua
924 842 1085 875 Aegyptiaca
1112 843 1232 869 Salvator
1253 844 1361 877 mundi,
1381 851 1454 877 prae·

810 888 934 920 figuravit
952 887 1085 914 Christum
1106 888 1149 913 Vll
1169 887 1203 914 24
1223 888 1258 914 55

863 947 898 951 -
918 931 1009 958 habuit
1036 932 1246 958 benedictionem
1276 933 1320 958 Vll
1341 933 1373 959 43
1402 934 1452 960 142

809 992 845 996 -
864 984 913 1010 pro
941 977 1037 1003 iustitia
1064 978 1173 1002 fratrum
1203 984 1313 1003 suorum
1341 978 1452 1004 crimina

810 1020 951 1048 accusabat
969 1021 1040 1054 apud
1056 1024 1158 1053 patrem
1173 1028 1251 1047 suum
1265 1022 1298 1047 Vl
1313 1022 1364 1047 175
1378 1030 1405 1048 ν.
1420 1023 1453 1049 13

805 1080 845 1085 -—-
864 1066 984 1092 ordinem
1004 1066 1173 1092 correctionis
1191 1073 1244 1092 non
1269 1066 1384 1093 debebat
1403 1074 1453 1093 ser-

811 1118 874 1136 vare
892 1111 1042 1137 accusando
1062 1112 1153 1136 fratres
1171 1118 1234 1137 suos
1259 1111 1331 1143 apud
1351 1114 1453 1143 patrem

811 1155 855 1181 Vll
876 1155 926 1181 428
947 1156 962 1181 9

863 1213 900 1219 -
918 1206 933 1225 a
953 1199 1077 1226 fratribus
1104 1200 1313 1232 persecutionem
1342 1200 1453 1232 patitur,

810 1244 873 1276 quia
887 1243 974 1270 bonus
993 1244 1036 1270 Vll
1055 1245 1106 1270 529
1127 1244 1161 1270 25
1179 1258 1215 1264 -
1234 1244 1358 1270 venditus
1376 1248 1416 1271 est
1438 1252 1452 1271 a

812 1288 934 1315 iratribus
953 1292 979 1315 et
995 1288 1030 1314 ab
1042 1289 1179 1321 Aegyptiis
1198 1290 1340 1315 honoratur
1354 1290 1400 1315 101
1420 1290 1448 1316 51

863 1347 899 1351 -
918 1332 1042 1359 liberatus
1061 1337 1100 1359 est
1119 1334 1252 1366 Sapientia
1266 1333 1300 1359 ab
1314 1341 1394 1360 uxore
1407 1334 1454 1360 Pu-

811 1377 920 1410 tipharis
947 1381 973 1404 et
998 1379 1083 1404 servis
1110 1379 1168 1404 eius
1193 1379 1227 1404 Vl
1248 1379 1298 1404 175
1319 1386 1344 1404 v.
1366 1379 1398 1404 13
1417 1393 1453 1397 -

810 1422 941 1454 Sapientia
962 1422 1099 1449 descendit
1117 1430 1178 1449 cum
1198 1423 1291 1455 loseph
1321 1423 1345 1449 in
1366 1430 1454 1449 carce-

809 1473 866 1491 rem
885 1465 947 1493 ibid.
966 1482 1002 1485 —
1021 1468 1152 1499 Sapientia
1172 1474 1220 1500 per
1239 1468 1402 1493 somniorum
1416 1475 1455 1493 sa·

810 1510 925 1543 pientem
945 1511 1187 1544 interpretationem
1207 1513 1299 1544 loseph
1313 1519 1328 1538 a
1342 1513 1454 1539 vinculis

810 1554 931 1582 liberavit
949 1555 983 1583 ib.
1004 1556 1037 1583 14

864 1615 899 1620 -
919 1600 1032 1627 obtinuit
1051 1602 1229 1634 principatum
1249 1602 1328 1628 totius
1341 1602 1454 1635 Aegypti

810 1648 871 1677 post
890 1646 1052 1672 Pharaonem
1074 1647 1105 1672 Vl
1127 1647 1178 1673 175
1198 1654 1224 1672 ν.
1246 1647 1279 1673 14
1297 1660 1333 1666 -
1351 1647 1409 1673 Fuit
1428 1647 1454 1673 in

810 1697 842 1715 eo
861 1690 972 1716 fidelitas
991 1694 1016 1716 et
1042 1691 1191 1724 prudentia,
1210 1692 1351 1718 auctoritas
1369 1695 1395 1718 et
1418 1692 1454 1718 vi-

810 1734 916 1766 gilantia
936 1735 979 1761 Vll
999 1735 1050 1761 328
1070 1736 1104 1761 62
1123 1750 1159 1754 -
1177 1736 1321 1762 custodivit
1339 1736 1364 1762 in
1387 1737 1453 1762 serti-

809 1778 879 1804 litate
898 1783 924 1805 et
942 1779 1067 1812 dispersit
1095 1780 1120 1806 in
1145 1783 1262 1813 egestate
1282 1781 1315 1806 Vl
1336 1782 1369 1807 30
1388 1788 1414 1807 V.
1436 1782 1451 1807 6

809 1837 844 1842 -
862 1824 979 1850 501ν3ν11
997 1826 1126 1850 frumenta
1146 1825 1251 1857 populis
1279 1825 1305 1851 in
1333 1827 1454 1859 Aegypto

811 1868 853 1894 Vll
873 1868 925 1894 583
946 1869 979 1894 60

865 1926 898 1931 ——
917 1919 1043 1945 praesens
1063 1913 1186 1940 fratribus
1205 1914 1309 1941 nolebat
1331 1915 1453 1947 agnosci,

810 1955 845 1982 ab
863 1956 902 1982 eis
920 1957 1026 1990 exigens
1045 1958 1233 1990 poenitentiam
1258 1959 1315 1985 sive
1335 1959 1452 1985 dolorem

810 2008 891 2033 super
908 2001 1061 2028 venditione
1079 2010 1126 2028 sua
1146 2003 1179 2028 Vl
1200 2003 1252 2029 577
1271 2011 1298 2029 v.
1318 2003 1352 2029 59

864 2059 899 2065 -
918 2053 1026 2080 sponsus
1054 2046 1155 2073 Mariae
1181 2048 1327 2074 secundum
1347 2055 1452 2074 carnem

811 2090 859 2116 tuit
878 2090 945 2116 tilius
965 2090 1054 2123 laceb,
1080 2092 1127 2125 qui
1146 2092 1281 2118 descendit
1309 2099 1356 2124 per
1385 2093 1453 2118 Salo-

811 2141 932 2167 monem,
961 2136 1108 2162 secundum
1127 2137 1225 2168 Legem
1246 2136 1294 2162 suit
1312 2137 1382 2168 Heli,
1407 2138 1453 2170 qui

810 2179 946 2205 descendit
965 2187 1013 2212 per
1035 2180 1134 2206 Nathan
1158 2181 1200 2206 Vll
1220 2181 1253 2206 86
1274 2181 1308 2206 59
1328 2195 1361 2199 -
1381 2181 1453 2214 poni-

810 2226 852 2250 tur
871 2224 896 2249 in
917 2224 1071 2256 genealogia
1089 2224 1185 2251 Christi
1205 2225 1239 2250 85
1258 2226 1292 2251 58

862 2282 897 2287 -
916 2275 946 2294 ex
966 2269 1036 2300 Lege
1055 2268 1193 2295 tenebatur
1206 2270 1326 2302 accipere
1345 2270 1452 2296 Mariam

810 2315 838 2338 ut
856 2313 1022 2346 propinquus
1045 2314 1085 2339 Vll
1106 2314 1139 2340 85
1159 2314 1192 2339 58
1206 2327 1242 2334 —
1254 2317 1310 2340 erat
1326 2314 1360 2340 de
1372 2315 1453 2340 domo

809 2357 908 2388 David,
921 2358 962 2383 cui
976 2358 1042 2383 sacta
1061 2361 1117 2384 erat
1135 2358 1320 2390 repromissio,
1339 2366 1408 2392 quae
1426 2359 1452 2384 in

809 2402 887 2427 Maria
906 2403 1035 2434 completa
1055 2405 1102 2433 est,
1121 2402 1148 2428 in
1161 2403 1219 2435 ipso
1233 2405 1334 2428 tantum
1348 2406 1375 2429 ut
1387 2406 1453 2429 teste

808 2449 834 2471 et
852 2446 957 2472 conscio
977 2447 1005 2472 21
1031 2446 1073 2472 44.
1089 2447 1122 2471 39
1139 2446 1198 2472 124.
1212 2446 1245 2472 45
1259 2447 1275 2472 7
1288 2460 1323 2466 -
1336 2446 1398 2480 quia
1411 2447 1453 2473 vir

809 2490 907 2522 iustus,
927 2490 975 2516 suit
993 2490 1065 2516 testis
1081 2490 1205 2516 castitatis
1225 2490 1317 2517 beatae
1336 2491 1453 2523 Virginis

810 2535 838 2560 21
865 2534 897 2560 44
916 2549 951 2553 -
970 2534 1066 2560 dicitur
1090 2534 1144 2565 vir,
1174 2542 1226 2560 non
1246 2535 1308 2568 quia
1327 2535 1451 2567 maritus,

809 2579 856 2605 sed
876 2578 937 2611 quia
958 2580 1038 2604 homo
1057 2579 1161 2605 virtutis
1180 2582 1205 2605 et
1221 2579 1304 2605 iustus
1318 2583 1374 2605 erat
1388 2579 1450 2606 ibid.

864 2636 899 2642 -
913 2622 1057 2649 mirabatur
1070 2630 1151 2655 super
1164 2624 1205 2649 his
1218 2631 1287 2657 quae
1297 2623 1453 2651 dicebantur

810 2667 844 2694 da
863 2667 916 2693 tilio
935 2667 1054 2700 putativo
1073 2668 1117 2693 Vll
1137 2668 1165 2694 61
1190 2668 1224 2694 74
1243 2682 1279 2688 -
1298 2668 1453 2696 benedictus

812 2712 858 2738 tuit
870 2719 884 2737 a
898 2712 1028 2745 Simeone‚
1047 2712 1109 2745 qnia
1122 2713 1247 2739 educavit
1261 2713 1344 2740 lesum
1365 2713 1399 2741 ib.
1417 2714 1451 2740 76

863 2763 960 2782 —non
975 2757 1021 2782 tuit
1034 2757 1255 2789 reprehensibilis,
1268 2759 1375 2791 quando
1388 2759 1454 2785 ami—

810 2801 843 2827 sit
861 2801 945 2827 lesum
975 2801 1000 2826 in
1030 2802 1128 2833 templo
1157 2802 1201 2828 Vll
1230 2803 1263 2828 66
1283 2803 1318 2828 96
1336 2817 1372 2823 -
1390 2811 1451 2830 011111

810 2845 900 2871 (101010
919 2844 1071 2878 requirebat
1098 2845 1226 2872 amissum
1240 2846 1275 2873 ib.
1293 2847 1337 2873 97.
1351 2848 1385 2873 68
1401 2848 1452 2873 105

810 2903 845 2909 -
864 2896 878 2915 3
898 2889 976 2915 Maria
1004 2889 1100 2915 dicitur
1119 2893 1194 2922 pater
1213 2891 1269 2916 lesu
1289 2891 1323 2916 68
1344 2891 1395 2917 105
1415 2906 1449 2910 -

810 2933 844 2959 ab
864 2933 1016 2959 hominibus
1035 2933 1176 2965 putabatur
1195 2937 1269 2966 pater
1288 2936 1344 2961 lesu
1364 2936 1398 2961 85
1418 2936 1450 2962 58

809 2991 845 2998 -
863 2977 981 3004 Christus
999 2981 1055 3003 erat
1074 2978 1142 3004 illius
1166 2979 1259 3011 loseph
1288 2980 1452 3012 reputatione

811 3022 843 3048 Vl
864 3022 915 3048 266
936 3022 969 3047 92

863 3078 898 3084 —
916 3067 973 3091 erut
997 3064 1029 3091 ab
1056 3064 1226 3093 himethea«.
1254 3068 1295 3093 vel
1323 3068 1451 3093 Ramatha

811 3110 853 3136 vn
873 3110 925 3135 583
944 3109 973 3135 61
997 3123 1033 3129 —-
1051 3113 1107 3136 erat
1125 3110 1220 3137 nobilis
1238 3118 1351 3144 persona
1370 3115 1451 3137 01110-

811 3157 852 3180 tus
871 3154 950 3179 Pilato
969 3153 1003 3179 Vl
1022 3154 1073 3179 503
1094 3155 1127 3180 66
1147 3168 1183 3175 —
1201 3159 1258 3181 erat
1276 3155 1384 3181 decurio
1407 3155 1450 3180 Vll

810 3198 861 3224 583
882 3198 915 3223 60
935 3212 970 3216 —-
988 3201 1028 3224 est
1046 3198 1130 3230 figura
1150 3199 1259 3231 praelati
1273 3199 1324 3225 584
1344 3200 1378 3224 63

863 3256 894 3261 -
910 3241 977 3267 sicut
990 3241 1096 3268 Simeon
1110 3243 1277 3276 exspectabat
1290 3243 1450 3275 redemptio-

810 3293 869 3312 nem
890 3286 932 3311 Vll
953 3285 1003 3311 5⁸3
1024 3287 1052 3311 61
1076 3301 1111 3305 —-
1129 3291 1186 3313 erat
1205 3287 1292 3313 bonus
1306 3287 1413 3312 interius
1426 3289 1451 3312 ct

810 3331 894 3356 iustus
913 3330 1027 3355 exterius
1046 3329 1080 3356 ib.
1101 3331 1133 3355 60

2068 182 2127 212 771

1779 223 1832 249 IRA

1543 280 1578 284 -—
1607 269 1662 292 erat
1689 267 1836 299 discipulus
1866 267 1975 300 Christi,
2009 270 2132 301 quamvis

1489 310 1608 336 occuitus
1637 311 1668 335 Vl
1699 311 1750 336 502
1779 312 1807 336 61
1841 325 1876 331 -
1904 316 1958 338 0131
1987 313 2133 345 discipulus

1488 353 1584 380 Christi
1603 356 1722 381 eccultus
1750 362 1779 382 ex
1809 356 1903 382 timore
1922 358 2047 383 naturalis
2065 358 2133 383 intir-

1490 399 1598 431 111113115,
1618 399 1664 432 qui
1683 407 1735 425 non
1755 404 1810 426 erat
1828 401 1905 433 culpa
1925 401 1975 426 503
1996 402 2030 427 67

1543 457 1578 463 -
1598 446 1626 469 111
1655 451 1734 470 verus
1763 445 1863 471 amicus
1888 446 1976 471 dilexit
1999 445 2130 472 Christum

1489 494 1540 513 non
1561 491 1660 513 tantum
1686 489 1794 519 vivum,
1814 490 1861 515 sed
1890 491 1968 515 etiam
1997 494 2131 516 mortuum

1492 532 1522 557 Vl
1543 532 1594 557 502
1614 533 1643 557 61
1668 546 1703 551 -
1723 540 1775 558 11011
1795 538 1962 559 consenserat
1982 536 2088 561 consilio
2108 540 2133 560 et

1489 575 1592 601 actibus
1620 576 1775 602 ludaeorum
1806 578 1847 602 Vll
1877 578 1927 603 583
1955 579 1983 603 61
2018 593 2052 596 -
2071 586 2131 605 cum

1491 626 1587 651 magna
1616 621 1759 646 constantia
1790 628 1804 646 a
1834 622 1913 647 Pilato
1943 623 2016 654 petiit
2034 630 2132 655 corpus

1491 665 1547 690 lesu
1568 663 1601 690 ib.
1621 666 1655 690 62

1545 723 1578 727 -
1599 709 1672 740 prius
1691 717 1718 735 se
1737 711 1926 741 occultaverat,
1947 712 1989 737 hic
2014 714 2134 744 patefecit

1490 760 1519 779 se
1538 753 1625 785 ipsum
1646 754 1689 780 Vll
1709 754 1760 780 583
1780 755 1813 780 62
1833 769 1868 774 -
1896 763 1947 781 11011
1976 760 2015 782 est
2034 758 2134 784 veritus

1490 804 1538 823 nec
1557 798 1717 824 ferocitatem
1744 799 1880 831 gentilium
1910 807 1958 825 nec
1986 801 2134 833 malignita-

1491 845 1543 868 tem
1564 843 1714 875 principum
1729 844 1896 870 sacerdotum
1911 844 1974 871 ibz'd.
1990 860 2023 864 —
2037 847 2133 878 eripuit

1490 886 1622 913 Christum
1642 887 1676 913 de
1695 894 1774 913 manu
1795 888 1881 920 Pilati,
1901 889 1928 914 id
1947 893 1986 915 est
2005 890 2038 915 de
2053 897 2133 916 manu

1491 934 1662 963 tyrannorum
1682 932 1734 958 584
1755 933 1787 958 63

1545 990 1578 995 —·
1599 976 1722 1008 deposuit
1741 984 1838 1009 corpus
1859 979 1913 1003 lesu
1935 985 1982 1011 per
2001 979 2129 1005 licentiam

1492 1021 1522 1046 Vl
1543 1020 1595 1046 502
1616 1021 1644 1046 61
1668 1035 1704 1041 -
1722 1022 1842 1054 sepehvit
1860 1022 2008 1055 Christum,
2026 1031 2058 1050 ne
2077 1031 2134 1050 cre-

1490 1064 1597 1090 deretur
1616 1065 1718 1092 ablatus
1736 1067 1787 1092 503
1808 1067 1840 1092 66
1860 1082 1895 1086 -
1920 1068 1967 1093 fuit
1991 1068 2088 1100 dignus
2107 1073 2133 1094 et

1491 1108 1601 1136 idoneus
1620 1110 1653 1136 ad
1673 1110 1805 1137 Christum
1819 1112 2002 1144 sepeliendum
2016 1113 2058 1138 Vll
2079 1113 2129 1139 583

1490 1154 1525 1178 60
1543 1167 1580 1172 -
1598 1154 1666 1180 sicut
1695 1162 1807 1187 granum
1837 1158 1959 1182 frumenti
1988 1157 2013 1182 in
2039 1159 2132 1184 horreo

1490 1198 1628 1224 collocavit
1646 1199 1778 1226 Christum
1798 1200 1859 1227 ibid.

1545 1243 1622 1269 losms
1646 1258 1681 1263 —
1706 1245 1916 1271 Lamentationes
1945 1247 2026 1272 sactae
2054 1254 2134 1279 super

1493 1287 1585 1312 losiam
1614 1292 1688 1313 erant
1723 1289 1807 1320 figura
1839 1290 2052 1317 lamentationum
2086 1299 2134 1323 pro

1491 1334 1575 1356 morte
1588 1330 1682 1357 Christi
1696 1336 1721 1358 et
1735 1333 1809 1358 ruina
1823 1334 1962 1359 ierusalem
1978 1335 2020 1360 Vll
2034 1335 2084 1361 573
2100 1337 2128 1361 31

1490 1389 1526 1394 -
1544 1376 1620 1402 cuius
1639 1383 1711 1402 mors
1740 1377 1913 1404 lamentabilis
1941 1380 1988 1405 suit
2015 1380 2132 1412 ludaeis,

1491 1423 1529 1445 est
1548 1420 1631 1454 flgura
1652 1420 1746 1447 Christi
1767 1422 1817 1447 596
1838 1423 1872 1448 34

1545 1465 1615 1490 lesus
1633 1478 1670 1484 —
1688 1465 1857 1492 introducens
1883 1469 2012 1499 populum
2042 1470 2065 1495 in
2086 1474 2133 1496 ter-

1490 1515 1547 1534 ram
1579 1509 1761 1541 promissionis
1788 1514 1828 1536 est
1856 1512 1940 1544 figura
1966 1512 2060 1539 Christi
2090 1515 2132 1540 Vll

1491 1554 1543 1580 596
1563 1553 1596 1579 34

1546 1598 1587 1624 lm
1606 1612 1641 1618 —
1665 1598 1819 1631 intelligitur
1847 1607 1894 1632 per
1921 1602 2073 1632 phrenesim
2103 1604 2135 1630 Vl

1492 1643 1543 1668 587
1563 1650 1589 1668 v.
1619 1644 1634 1669 3
1654 1658 1689 1662 —
1708 1644 1870 1676 significatur
1895 1652 1943 1677 per
1971 1646 2068 1673 bestias
2096 1647 2135 1673 ira

1491 1688 1582 1720 plenas
1602 1689 1648 1713 181
1673 1696 1699 1714 v.
1719 1689 1753 1714 20
1773 1703 1807 1707 —-
1827 1694 1866 1715 est
1884 1690 1959 1723 quasi
1985 1691 2068 1717 lutum
2089 1693 2137 1718 ssu-

1491 1736 1583 1759 ctuans
1601 1736 1627 1759 et
1646 1733 1819 1766 inquietatum
1839 1734 1891 1760 580
1911 1734 1927 1760 5
1946 1749 1981 1754 -
2000 1736 2048 1761 Per
2069 1736 2133 1762 iram

1491 1778 1653 1810 significatur
1672 1779 1748 1810 culpa
1768 1779 1915 1811 originalis,
1936 1786 1984 1811 per
1997 1787 2077 1813 quam
2091 1788 2134 1806 su-

1492 1830 1551 1849 mus
1571 1822 1615 1848 tilii
1635 1823 1689 1848 irae
1709 1823 1759 1849 288
1781 1823 1814 1848 59

1544 1881 1579 1887 -
1598 1873 1637 1893 051
1665 1868 1838 1894 homicidium
1868 1868 2003 1900 spirituale
2029 1869 2060 1893 Vl
2082 1870 2133 1896 1¹72

1492 1919 1517 1937 v.
1537 1912 1552 1938 3
1572 1925 1608 1931 -
1621 1915 1661 1938 est
1673 1918 1756 1939 causa
1765 1912 1901 1939 homicidii
1914 1914 2057 1945 corporalis
2071 1913 2133 1940 ibid.

1491 1959 1530 1982 est
1548 1963 1619 1982 mors
1638 1957 1731 1989 culpae
1750 1956 1802 1982 588
1822 1957 1838 1982 5

1544 2014 1579 2020 —-
1598 2003 1637 2027 est
1666 2001 1798 2033 multiplex
1828 2001 1862 2026 vl
1888 2001 1922 2027 57
1950 2009 1976 2034 q.
1996 2003 2011 2027 2
2031 2017 2067 2020 —
2095 2007 2134 2029 cst

1490 2045 1589 2077 peccati
1620 2045 1749 2076 vindicta,
1778 2052 1846 2078 quae
1875 2049 1914 2071 est
1941 2046 2046 2078 signum
2079 2047 2133 2074 irae

1491 2090 1542 2115 228
1563 2096 1588 2114 v.
1609 2089 1619 2114 1
1652 2103 1686 2108 —-
1712 2090 1767 2115 lrae
1792 2092 1831 2115 est
1859 2090 1973 2122 aliquem
2002 2091 2133 2118 nolentem

1490 2133 1585 2166 punire
1602 2140 1651 2166 pro
1671 2133 1747 2166 culpa
1766 2141 1813 2159 sua
1835 2133 1885 2159 446
1906 2134 1938 2160 49

1542 2193 1577 2197 -
1598 2179 1673 2204 lrasci
1700 2179 1763 2204 dicit
1782 2178 2004 2211 perturbationem
2024 2180 2133 2207 rationis

1490 2223 1523 2249 Vl
1538 2223 1570 2248 56
1585 2230 1611 2256 q.
1625 2224 1640 2248 2
1656 2237 1688 2242 —
1702 2230 1795 2248 omnes
1808 2223 1980 2255 cogitationes
1993 2225 2134 2251 conturbat

1490 2267 1534 2293 Vll
1558 2267 1604 2293 241
1629 2268 1662 2293 76
1684 2282 1717 2286 -
1737 2268 1861 2299 importat
1886 2268 1966 2294 animi
1994 2269 2133 2301 perturba-

1490 2311 1587 2337 tionem
1607 2315 1632 2337 et
1651 2313 1688 2338 510
1702 2319 1751 2337 11011
1767 2312 1813 2338 suit
1826 2313 1852 2337 in
1865 2312 1967 2338 Christo
1983 2314 2013 2339 Vl
2029 2314 2080 2340 275
2099 2315 2127 2340 31

1543 2370 1578 2374 ——
1598 2356 1669 2382 Nulla
1684 2356 1816 2382 iracundia
1831 2360 1883 2388 est,
1904 2355 1949 2383 ubi
1968 2358 2081 2384 caritatis
2095 2363 2134 2385 est

1490 2400 1626 2432 plenitudo
1656 2401 1698 2426 Vll
1725 2401 1775 2426 248
1811 2401 1857 2427 100
1876 2416 1911 2420 -
1931 2406 1970 2428 est
1988 2402 2064 2429 cibus
2083 2405 2134 2430 cul-

1490 2451 1554 2476 pae,
1573 2445 1620 2478 qui
1640 2444 1794 2477 prehibetur
1822 2452 1836 2471 a
1861 2446 1915 2472 Deo
1939 2447 1972 2473 Vl
1993 2447 2044 2473 557
2065 2449 2074 2473 1
2099 2463 2133 2467 -

1490 2489 1574 2515 1101110
1593 2489 1673 2515 debet
1686 2496 1744 2516 esse
1758 2490 1848 2516 tardus
1865 2491 1898 2517 ad
1913 2491 1978 2517 iram
1999 2492 2033 2518 57
2052 2500 2078 2518 v.
2100 2494 2131 2518 10

1489 2547 1525 2552 -
1545 2534 1656 2566 Sapiens
1683 2541 1736 2560 non
1756 2534 1836 2561 debet
1854 2536 1899 2562 diu
1920 2543 2091 2568 perseverare
2109 2538 2133 2563 in

1490 2578 1527 2603 ira
1548 2577 1610 2604 ibid.
1630 2579 1658 2604 91
1684 2586 1710 2605 v.
1732 2580 1764 2605 10

1543 2636 1578 2642 ——
1598 2624 1690 2649 melior
1717 2627 1756 2650 est
1780 2624 1834 2650 risu
1860 2625 2075 2651 dissimulationis
2101 2626 2132 2651 Vl

1490 2667 1524 2693 55
1544 2675 1570 2693 v.
1591 2668 1615 2694 4.
1635 2668 1668 2694 56
1688 2676 1714 2702 q.
1735 2670 1750 2695 2
1771 2683 1805 2688 —-
1830 2669 1917 2695 reddit
1937 2670 2070 2696 hominem
2090 2677 2132 2695 ne·

1490 2720 1570 2746 quam
1591 2713 1619 2738 9l
1645 2721 1671 2739 v.
1692 2714 1725 2739 10
1744 2728 1778 2733 -
1799 2714 1876 2740 irasci
1901 2714 1976 2746 peius
1995 2718 2033 2739 est
2051 2721 2130 2746 quam

1490 2757 1577 2784 ridere
1597 2758 1630 2783 56
1650 2766 1677 2791 q.
1698 2760 1713 2784 2
1732 2772 1767 2777 —
1787 2758 1829 2784 vix
1849 2761 1888 2783 est
1915 2758 1971 2783 sine
1990 2759 2067 2789 culpa
2087 2765 2133 2783 ve-

1491 2802 1560 2833 niali,
1579 2809 1714 2834 nunquam
1735 2805 1823 2827 autem
1843 2805 1883 2827 est
1895 2801 1952 2827 sine
1971 2808 2055 2833 poena
2069 2801 2131 2827 ibid.

1489 2860 1524 2864 —
1544 2846 1620 2872 lrasci
1640 2846 1704 2872 vitio
1724 2849 1763 2871 est
1782 2838 1885 2871 virtutis
1904 2849 1929 2870 et
1949 2845 2048 2871 bonum
2069 2845 2130 2871 ibid.

1489 2906 1524 2909 —
1544 2891 1619 2917 irasci
1639 2896 1748 2916 naturae
1767 2893 1806 2915 est
1825 2890 1880 2915 vitii
1906 2893 1931 2915 et
1950 2891 2048 2915 malum
2068 2889 2130 2916 ibid.

1543 2948 1578 2954 —
1588 2934 1634 2960 Dei
1643 2935 1749 2959 lanceae
1761 2937 1931 2965 comparatur
1945 2933 1977 2958 Vl
1994 2933 2042 2959 143
2056 2941 2083 2959 v.
2096 2935 2124 2959 21

1489 2992 1524 2997 -—
1543 2979 1612 3004 Deus
1631 2978 1726 3003 dicitur
1746 2977 1826 3002 iratus
1841 2984 1891 3002 non
1905 2983 1952 3008 per
1965 2977 2047 3002 animi
2060 2984 2130 3003 com-

1489 3023 1646 3051 motionem,
1667 3021 1713 3047 sed
1733 3027 1781 3053 per
1800 3021 1894 3052 culpae
1913 3020 2026 3052 rigidam
2056 3021 2129 3052 puni-

1489 3066 1585 3092 tionem
1607 3066 1638 3091 43
1665 3072 1692 3090 v.
1711 3065 1726 3090 6
1746 3078 1781 3084 —
1800 3065 1826 3089 in
1846 3065 1900 3090 Deo
1928 3064 2058 3096 signifieat
2076 3068 2129 3090 tan-

1489 3114 1543 3136 tum
1573 3110 1626 3135 irae
1650 3110 1786 3139 effectum,
1816 3115 1867 3133 non
1900 3108 1982 3134 animi
2006 3109 2128 3134 affectum

1489 3154 1534 3180 211
1560 3160 1586 3178 ν.
1605 3154 1620 3178 6
1641 3153 1713 3177 —in
1729 3152 1783 3177 Deo
1796 3152 1859 3178 dicit
1873 3152 2014 3178 vindictam
2029 3153 2079 3178 288
2094 3153 2128 3178 59

1541 3211 1576 3217 —
1595 3197 1640 3222 Dei
1660 3203 1712 3222 non
1732 3196 1776 3222 diu
1791 3200 1929 3228 permanet
1941 3196 1974 3222 Vl
1989 3197 2039 3222 226
2055 3203 2079 3221 v,
2094 3197 2127 3222 20
2179 3205 2182 3207 “

1487 3255 1522 3261 -
1542 3242 1611 3267 Deus
1630 3241 1709 3266 modo
1729 3240 1847 3266 irascitur
1867 3241 1903 3266 ira
1923 3241 1972 3265 levi
1991 3241 2038 3266 143
2053 3248 2080 3266 v.
2094 3242 2121 3266 21

1488 3300 1522 3304 ——
1550 3285 1595 3310 Dei
1629 3292 1681 3310 11011
1715 3288 1754 3310 051
1786 3284 1841 3310 sine
1872 3285 2051 3310 misericordia
2086 3286 2126 3310 Vll

1488 3330 1538 3354 533
1560 3329 1593 3354 39
