2476 3921
22 849 24 867 l
41 838 59 860 Α
71 835 157 859 Domino

22 867 87 890 mon
95 864 158 885 attra-

22 890 80 938 imur·

79 1740 154 1762 Aliter.

18 2057 162 2089 ilatio-admis-

32 2085 145 2139 affixa...

13 2227 14 2238 i
32 2217 101 2239 Prima
114 2220 147 2239 est

45 2244 131 2274 attactus

14 2272 162 2297 «poenitentiae.

770 147 964 180 COMMENT.
990 148 1026 180 lN
1052 147 1289 182 EVANGELIUM
1313 150 1430 183 LUCAE
1455 151 1487 183 C.
1514 152 1572 184 Vll.

177 239 256 273 illud
279 238 484 272 Ecclesiastici
509 238 601 271 tertio
615 238 644 269 ¹:
674 250 690 266 α
710 237 770 269 Cor
794 245 930 278 nequam
955 236 1140 278 gravabitur

177 293 208 326 in
232 292 409 331 doloribus,
432 294 463 324 et
483 295 628 334 peccator
651 290 764 323 adiecit
784 289 820 322 ad
846 289 1040 332 peccandum
1052 301 1088 328 »3
1109 291 1140 322 et

177 346 375 390 Apocalypsis
397 345 524 378 ultimo:
553 357 569 373 α
585 344 645 386 Qui
677 344 709 376 in
732 343 879 376 sordibus
903 345 950 376 est
981 342 1140 375 sordescat

177 400 281 434 adbuc
296 413 327 431 ».
348 399 415 432 Non
438 398 540 432 solum
560 400 665 430 autem
690 397 815 439 culpam
835 396 1018 435 iteraverat,
1039 395 1093 428 sed
1109 398 1140 428 et

176 452 308 486 diversis
331 451 431 485 modis
455 454 652 494 peccaverat;
677 449 761 483 unde
784 458 881 491 super
901 449 961 481 hoc
984 448 1069 491 quod
1093 448 1139 480 di-

177 506 260 539 citur
294 504 388 538 Marci
421 504 533 537 ultimo
550 504 573 543 ²,
605 503 690 546 quod
723 516 738 532 α
759 502 894 536 eiecerat
925 501 1070 534 Christus
1100 501 1139 534 de

176 559 272 592 Maria
298 561 416 601 septem
447 557 611 590 daemonia
633 570 665 595 »‚
697 556 886 598 Gregorius:
916 569 931 584 a
958 556 1014 588 Per
1038 558 1139 597 septe-

175 612 301 645 narium
335 614 420 644 recte
452 610 641 644 universitas
675 609 867 652 designatur.
904 609 1028 651 Septem
1064 617 1139 650 ergo

175 665 338 699 daemonia
366 664 461 697 Maria
489 663 617 703 habuit,
642 672 723 706 quae
752 662 909 695 universis
937 661 1020 695 vitiis
1048 661 1139 704 plena

175 718 235 752 fuit
251 732 281 750 ».

265 773 317 805 65.
334 772 489 814 Quoniam
504 779 580 813 ergo
596 770 641 804 sic
657 772 725 803 erat
741 769 902 812 peccatrix
919 772 950 802 et
967 768 1138 807 immunda,

175 825 289 859 merito
312 825 441 859 deberet
465 824 591 867 repelli,
616 824 754 856 maxime
777 823 816 856 de
840 823 907 856 loco
931 822 1083 861 convivii;
1108 826 1139 856 et

176 882 279 912 tamen
304 882 433 921 propter
457 877 603 920 pietatem
627 876 765 916 Domini,
786 885 882 919 quam
906 876 1068 918 cognovit,
1092 879 1139 908 at-

176 934 275 965 tracta
298 931 374 970 fuit;
407 931 491 964 unde
522 934 554 964 et
576 930 745 964 subditur:
781 929 820 962 Ut
850 929 1019 972 cognovit,
1051 929 1140 972 quod

174 986 267 1019 Iesus
280 985 292 1004 ³
317 984 523 1017 accubuisset
545 984 581 1017 in
605 984 701 1017 domo
720 982 915 1021 Pharisaei,
941 983 1053 1016 attulit
1066 983 1138 1015 ala-

175 1038 327 1071 bastrum
348 1037 524 1080 unquenti,
541 1037 572 1070 id
592 1041 639 1070 est
656 1036 804 1079 pyxidem
826 1045 882 1069 seu
900 1045 954 1069 vas
974 1036 1137 1075 alabastri,

174 1091 258 1135 quod
287 1104 303 1120 «
320 1095 367 1125 est
389 1091 428 1124 de
452 1091 588 1134 quodam
605 1100 720 1133 genere
745 1090 929 1129 marmoris,
954 1090 984 1123 in
1010 1099 1074 1132 quo
1091 1090 1139 1122 in-

173 1149 325 1187 corrupta
347 1148 516 1178 servantur
540 1148 744 1187 unguenta».
770 1144 831 1177 Hoc
847 1143 952 1176 attulit
976 1143 1136 1185 peccatrix

173 1197 212 1230 ad
234 1198 364 1231 domum
390 1197 561 1236 Pharisaei,
581 1197 612 1230 in
637 1206 701 1239 qua
720 1197 881 1229 Christum
905 1196 1051 1238 cognovit
1069 1204 1137 1229 esse

173 1255 204 1285 et
235 1261 254 1285 a
284 1261 348 1294 quo
379 1255 525 1293 suscepta
555 1250 838 1290 fuit,.secundum
870 1250 948 1283 illud
980 1249 1091 1282 Psalmi
1113 1257 1135 1281 *z

178 1318 193 1334 a
210 1305 295 1339 Deus
318 1305 349 1338 in
373 1305 519 1338 domibus
546 1304 614 1337 eius
637 1307 858 1346 cognoscetur,
883 1312 955 1336 cum
988 1303 1138 1345 suscipiet

173 1368 240 1392 eam
258 1372 288 1391 ».
311 1358 447 1397 Attulit,
464 1358 608 1400 inquam,
629 1360 828 1399 unguentum
850 1355 1065 1396 humilitatis,
1082 1357 1136 1389 ubi

172 1413 318 1446 Christus
348 1412 513 1451 accubuit,
546 1415 582 1444 ut
609 1411 796 1453 impleretur
827 1410 905 1443 illud
936 1410 1136 1443 Cantieorum

173 1467 293 1509 primo:
322 1479 337 1495 «
359 1466 441 1499 Dum
472 1468 555 1498 esset
585 1474 645 1498 rex
677 1464 708 1497 in
739 1464 887 1497 accubitu
912 1473 987 1503 suo,
1019 1463 1138 1496 nardus

172 1529 242 1553 mea
264 1519 349 1553 dedit
368 1519 497 1552 odorem
521 1528 614 1552 suum
633 1532 661 1550 ».
685 1519 763 1551 Haec
785 1521 891 1551 autem
915 1522 1056 1550 aromata
1072 1517 1137 1550 sive

173 1576 348 1615 unguenta,
373 1570 455 1615 quae
478 1572 583 1605 attulit
606 1572 784 1615 Magdalena
807 1571 946 1610 Christ0‚
978 1571 1138 1613 designata

173 1629 248 1660 sunt
271 1626 398 1660 secundi
431 1626 686 1668 Paralipomenon
718 1634 801 1658 nono
817 1625 848 1657 ⁵:
877 1638 893 1653 «
917 1625 983 1657 Non
1007 1625 1138 1658 fuerunt

173 1683 313 1713 aromata
337 1680 427 1719 talia,
451 1680 558 1722 qualia
589 1680 680 1718 haec,
705 1688 786 1721 quae
811 1678 896 1711 dedit
919 1678 1027 1721 regina
1059 1678 1138 1711 Saba

173 1733 328 1767 Salomoni
346 1747 376 1766 ι).
391 1753 435 1757 -
452 1733 506 1766 Vel
529 1733 708 1775 Magdalena
731 1733 882 1765 Salvatori
907 1736 1069 1775 unguenta
1091 1736 1138 1764 at-

174 1787 246 1820 tulit
269 1791 400 1829 propter
424 1786 667 1829 impendendum
692 1786 844 1819 familiare
867 1786 1074 1829 obsequium,
1099 1785 1138 1818 ad

173 1840 257 1882 quod
289 1840 424 1873 admissa
446 1839 524 1879 fuit,
557 1840 674 1873 scilicet
701 1840 741 1873 ad
772 1840 988 1873 exhibendum
1013 1839 1138 1872 Christo

172 1902 215 1927 ex
238 1893 403 1926 devotione
426 1892 511 1936 quod
535 1893 594 1930 sibi
622 1893 814 1926 exhibuerat
838 1902 879 1927 ex
904 1893 1053 1932 libidine,
1078 1893 1138 1925 hoc

172 1950 220 1979 est
250 1946 289 1979 ad
319 1946 530 1986 abluendum,
562 1946 808 1989 detergendum,
832 1946 1077 1980 deosculandum
1107 1949 1138 1978 et

174 1999 355 2041 ungendum
394 1999 636 2033 sacratissimam
673 2004 705 2033 et
740 2000 978 2033 mundissimam
1010 2008 1137 2032 carnem

173 2052 306 2092 Christi,
330 2053 369 2086 ad
393 2053 477 2096 quod
500 2053 635 2086 admissa
658 2053 718 2086 fuit
741 2057 871 2096 propter
894 2053 1040 2086 affectum
1064 2061 1137 2094 poe-

173 2105 328 2139 nitentiae
350 2109 382 2139 et
402 2106 644 2140 benevolentiae.

263 2160 315 2192 66.
341 2160 442 2202 (Vers.
461 2160 539 2201 38.).
564 2161 725 2202 Quantum
748 2160 787 2192 ad
803 2160 950 2192 affectum
970 2158 1137 2200 poeniten-

173 2213 238 2245 tiae
253 2213 383 2246 dicitur:
412 2215 450 2246 Et
465 2218 559 2246 stans
583 2218 672 2246 retro
696 2223 790 2246 secus
810 2212 908 2255 pectes
923 2211 1006 2249 eiuS,
1030 2210 1138 2253 lacry-

173 2266 237 2299 mis
261 2267 363 2309 eoepit
386 2267 501 2310 riyare
522 2267 619 2310 pedes
643 2267 729 2305 eius,
756 2275 811 2308 per
834 2265 983 2297 dolorem.
1007 2264 1039 2296 ln
1063 2271 1136 2304 poe-

173 2319 291 2353 nitente
314 2320 398 2353 enim
422 2320 527 2353 anima
549 2320 642 2353 debet
665 2327 733 2352 esse
755 2318 877 2360 pudor,
903 2317 1003 2348 timor
1026 2318 1058 2348 et
1079 2316 1136 2348 do-

173 2373 232 2406 lor.
266 2373 384 2407 Pudor
415 2378 501 2413 erat,
533 2374 608 2416 quia
639 2372 740 2406 stabat
772 2375 885 2408 retro‚·
917 2370 1028 2408 timor,
1060 2369 1136 2412 quia

246 2575 254 2590 ¹
276 2576 352 2602 Vers.
377 2577 425 2608 29,
444 2578 504 2607 post
528 2581 608 2608 quem
634 2573 715 2606 Apoc.
740 2573 787 2604 22,
809 2573 850 2598 11.
869 2586 905 2592 -
924 2572 1052 2605 Superius
1076 2576 1136 2605 post

171 2620 277 2647 ratione
296 2620 425 2655 infamiae
444 2620 463 2645 Β
482 2619 555 2645 addit
573 2618 679 2645 ratione
697 2616 899 2649 immunditiae,
919 2616 956 2643 ad
974 2624 1058 2651 quam
1077 2617 1136 2644 itta-

171 2665 286 2699 queabat
309 2664 431 2697 animas,
459 2663 544 2690 Eccle.
568 2661 603 2700 7,
619 2661 676 2690 27:
702 2663 731 2688 Et
755 2662 842 2687 inveni
867 2662 1024 2688 amariorem
1051 2665 1136 2689 morte

172 2709 323 2741 mulierem,
342 2715 411 2742 quae
430 2709 540 2741 laqueus
559 2710 715 2732 venatorum
735 2709 782 2732 est.

244 2752 255 2767 ²
276 2754 349 2779 Vers.
374 2754 400 2778 9.
425 2766 460 2772 -
485 2752 617 2778 Sententia
641 2751 761 2783 Gregorii
790 2750 902 2777 habetur
930 2752 958 2785 lt,
985 2752 1079 2778 Homil.
1109 2752 1134 2778 in

171 2799 272 2829 Evang.
292 2797 382 2823 homil.
406 2797 450 2822 33.
469 2803 494 2822 n.
523 2797 545 2822 1.
569 2810 604 2815 -
629 2796 756 2828 Superius
781 2803 830 2828 pro
854 2795 964 2830 culpam
989 2796 1136 2824 iteraverat

173 2843 229 2867 vat.
248 2840 413 2875 simplicitm:

242 2882 253 2898 ⁸
273 2885 385 2917 Vulgata
403 2884 498 2911 omittit
517 2885 605 2917 lesus,
625 2885 699 2918 quod
718 2885 841 2911 exhibent
853 2885 932 2911 etiam
951 2885 1029 2912 Card.
1041 2887 1133 2919 Hugo,

171 2930 200 2954 B.
213 2928 311 2955 Albert.
324 2933 350 2955 et
362 2930 489 2962 Lyranus.
502 2943 537 2949 —
550 2930 695 2962 Descriptio
708 2931 779 2957 vasis
791 2930 914 2957 alabastri
928 2934 968 2957 est
985 2932 1134 2958 secundum

171 2974 289 3000 Glossam
309 2973 511 3001 interlinearem
525 2974 571 3014 ⁶(ex
591 2975 671 3008 Beda)
691 2975 717 3001 in
736 2976 800 3002 Luc.
817 2975 843 3007 7,
863 2976 906 3002 37.
925 2990 960 2996 —-
979 2977 1039 3003 Post
1055 2977 1135 3012 pymi-

171 3017 232 3045 de‘m
245 3018 266 3044 11
279 3019 353 3045 addit
365 3018 576 3051 alabastrinam,
599 3023 623 3045 et
638 3026 686 3052 pro
699 3027 748 3047 vas
760 3019 896 3047 alabastri
909 3020 928 3047 C
939 3021 959 3046 H
973 3020 1135 3048 substituunt

171 3069 220 3090 vas
239 3062 271 3090 de
286 3063 436 3090 alabastro.

242 3107 254 3122 ⁴
273 3109 368 3135 psalm.
387 3108 429 3140 47,
450 3108 474 3135 4.
493 3123 529 3128 —
547 3108 665 3135 Subinde
683 3110 810 3142 allegatur
828 3110 900 3137 Cant.
925 3112 946 3143 1,
970 3111 1008 3137 11.

243 3151 254 3167 ⁵
275 3153 349 3179 Vers.
369 3154 399 3184 9,
420 3152 465 3179 ubi
485 3160 533 3186 pro
552 3152 623 3180 dedit
642 3147 693 3181 CD
739 3154 848 3188 attulit;
867 3152 946 3182 codd.
965 3155 1078 3188 allegant
1097 3157 1134 3182 111.

172 3199 239 3231 Reg.
263 3198 306 3230 10,
334 3199 378 3230 lo,
398 3197 443 3224 ubi
468 3198 562 3224 eadem
587 3199 728 3232 sententia,
747 3200 794 3226 sed
810 3200 866 3226 aliis
885 3199 975 3226 verbis
993 3202 1134 3232 protertur.

171 3256 208 3262 —
227 3243 353 3275 Superius
372 3250 421 3276 pro
439 3245 567 3270 aromata
584 3243 639 3271 sive
651 3245 791 3278 unguenta
810 3244 832 3270 D
844 3245 862 3270 F
875 3245 897 3270 G
915 3244 1068 3272 aromatica
1086 3252 1135 3272 un-

172 3288 281 3321 fluenta.

243 3329 254 3345 ⁶
275 3331 349 3357 Vers.
380 3331 426 3362 l3,
450 3335 509 3364 post
536 3339 616 3365 quem
642 3332 688 3358 ler.
708 3332 750 3364 31,
776 3332 813 3358 18.
838 3339 895 3366 seq.
919 3331 972 3359 Cfr.
994 3333 1135 3364 Bernard.,

2104 158 2164 190 183

1203 246 1297 269 secus
1318 239 1435 280 pedes;
1464 240 1568 279 dolor,
1601 242 1675 283 quia
1707 242 1868 286 lacrymis
1899 245 2052 287 rigabat,
2085 246 2166 278 sicut

1204 289 1235 322 in
1260 290 1313 322 illo
1336 291 1504 332 publicano
1520 293 1601 325 infra
1624 294 1743 327 decimo
1767 297 1916 329 octavoss:
1950 310 1965 325 α
1981 298 2167 331 Publicanus

1203 346 1309 376 autem
1333 353 1351 376 a
1376 344 1465 386 longe
1490 349 1592 385 stans,
1621 347 1745 379 nolebat
1768 357 1823 381 nec
1852 350 1959 383 oculos
1982 351 2020 383 ad
2045 352 2165 383 caelum

1204 396 1327 436 levare,
1359 397 1413 429 sed
1442 398 1638 439 percutiebat
1661 403 1770 441 pectus
1793 410 1885 434 suum
1918 403 2042 436 dicens:
2068 404 2165 442 Deus,

1203 449 1360 491 propitius
1383 454 1450 483 esto
1483 451 1557 483 mihi
1584 453 1738 494 peccatori
1766 466 1799 493 »3
1830 455 1975 488 leremiae
2008 456 2166 498 trigesimo

1204 502 1325 544 primo:
1356 516 1370 531 α
1387 503 1541 537 Converte
1566 514 1630 544 me,
1653 505 1801 545 Domine,
1825 512 1856 540 et
1884 513 2067 547 convertar,
2093 510 2167 551 quia

1204 559 1238 588 tu
1263 556 1347 589 Deus
1372 566 1470 590 meus.
1498 558 1664 600 Postquam
1688 561 1870 593 convertisti
1896 570 1963 600 me,
1988 563 2034 604 egi
2061 563 2167 604 poeni-

1204 609 1352 649 tentiam,
1384 614 1415 642 et
1440 615 1605 653 postquam
1638 613 1798 646 ostendisti
1833 614 1926 653 mihi,
1959 616 2098 656 percussi
2124 616 2166 648 fe-

1204 671 1277 695 mur
1313 672 1428 696 meum.
1462 664 1617 698 Confusus
1646 675 1715 698 sum
1748 670 1779 699 et
1810 667 1961 700 erubui»
1998 672 2077 706 etc.;
2112 669 2164 701 ubi

1204 719 1378 758 tanguntur
1402 717 1463 749 tria
1488 718 1667 759 praemissa.
1686 737 1727 742 —
1745 720 1902 760 Quantum
1927 724 2032 753 autem
2061 721 2099 754 ad
2123 721 2167 754 af-
2182 729 2332 754 secundan-

1203 768 1319 801 fectum
1346 769 1581 803 benevolentiae
1596 771 1736 804 additur:
1765 773 1804 805 Et
1823 773 1953 815 capillis
1976 774 2096 815 capitis
2112 775 2168 806 sui
2181 757 2332 804 ississffiiaz‘fne'

1204 822 1363 865 teryebat,
1380 828 1409 855 et
1432 824 1650 857 osculabatur
1664 825 1761 866 pedes
1785 826 1872 864 eius,
1894 830 1921 858 ct
1945 826 2087 869 ungebat
2104 837 2166 860 un-

1200 880 1333 919 9uento,
1358 877 1411 909 ubi
1445 877 1621 910 ostenditur
1653 878 1777 911 dilectio
1801 879 2033 913 benevolentiae
2061 890 2165 922 pura,

1203 928 1384 973 affectuosa
1408 934 1439 963 et
1471 931 1594 963 devota.
1621 932 1718 964 Debet
1742 932 1824 964 enirn
1858 933 1971 966 caritas
1995 934 2165 975 procedere

1208 996 1223 1012 <t
1240 983 1278 1016 de
1302 983 1396 1016 corde
1421 984 1527 1026 pur0⁷
1547 998 1575 1016 ι).
1602 985 1696 1027 Magis
1720 990 1824 1018 autem
1849 987 1980 1019 curabat
1996 987 2033 1019 de
2059 987 2165 1019 infima

1203 1040 1292 1079 parte
1316 1038 1457 1079 corporis
1481 1038 1529 1070 sui
1554 1047 1649 1080 quam
1674 1038 1712 1071 de
1736 1048 1893 1081 suprema.
1920 1040 1980 1072 lam
2004 1040 2086 1073 enim
2104 1050 2164 1073 non

1202 1091 1374 1132 quaerebat
1400 1091 1521 1133 placere
1545 1091 1680 1130 mundo,
1710 1092 1764 1124 sed
1788 1093 1842 1125 soli
1869 1093 2010 1131 Christo,
2035 1097 2070 1126 ut
2096 1103 2165 1135 pos-

1202 1147 1249 1177 set
1264 1144 1368 1177 dicere
1390 1144 1466 1176 illud
1483 1144 1683 1177 Canticorum
1705 1150 1828 1178 octavo:
1851 1159 1866 1174 «
1880 1147 1956 1187 Quis
1972 1147 2024 1179 det
2042 1151 2070 1179 te
2087 1147 2162 1179 mihi

1201 1197 1332 1230 fratrem
1358 1207 1480 1236 meum,
1505 1202 1541 1230 ut
1566 1197 1720 1231 inveniam
1751 1202 1780 1231 te
1804 1199 1904 1231 solum
1938 1199 2013 1232 foris
2037 1203 2068 1232 et
2091 1200 2164 1232 deo-

1201 1250 1305 1283 sculer
1330 1253 1377 1289 te,
1402 1254 1433 1283 et
1456 1251 1516 1283 iam
1541 1261 1590 1284 me
1614 1261 1706 1285 nemo
1729 1252 1878 1294 despiciat
1894 1256 1932 1284 n?

1292 1305 1342 1336 67.
1370 1304 1405 1336 Et
1428 1304 1458 1337 in
1484 1305 1533 1337 his
1554 1305 1678 1338 duobus
1702 1305 1842 1338 consistit
1863 1304 2011 1347 perfecta
2033 1315 2165 1338 conver-
2195 1314 2307 1345 uaee'auo

1200 1358 1250 1390 sio
1273 1358 1311 1391 ad
1328 1358 1498 1391 Christum.
1523 1359 1609 1391 Sicut
1632 1359 1762 1391 enimin
1787 1363 1913 1401 peccato
1934 1345 2331 1398 estconversiomffisffihffi'i‘m

1201 1421 1258 1453 per
1282 1411 1567 1453 concupiscentiam
1593 1416 1623 1444 et
1647 1412 1769 1444 aversio
1794 1421 1849 1453 per
1873 1412 2052 1454 superbiam
2067 1412 2095 1451 Β;
2121 1413 2163 1446 sic
2190 1397 2314 1421 ''eumn''

1202 1465 1232 1497 in
1259 1465 1396 1498 remedio
1420 1469 1467 1497 est
1498 1465 1620 1497 aversio
1643 1474 1662 1497 a
1694 1469 1820 1506 peccato
1845 1474 1901 1506 per
1930 1465 2165 1507 poenitentiam

1201 1523 1232 1552 et
1256 1518 1420 1551 conversio
1451 1518 1489 1550 ad
1523 1519 1620 1551 Deum
1646 1527 1701 1561 per
1734 1518 1996 1551 benevolentiam.
2025 1519 2059 1551 Et
2090 1528 2165 1552 vere

1202 1573 1279 1605 haec
1304 1572 1418 1604 mulier
1442 1571 1501 1604 fuit
1523 1571 1660 1613 perfecte
1676 1581 1827 1604 conversa
1850 1576 1881 1604 et
1908 1581 2051 1611 reversa,
2076 1573 2165 1615 quia,

1202 1630 1238 1659 ut
1261 1626 1336 1659 dicit
1350 1625 1535 1668 Gregorius,
1563 1630 1667 1667 «quot
1691 1625 1722 1657 in
1739 1634 1772 1658 se
1797 1625 1907 1658 habuit
1923 1626 2165 1666 oblectamenta,

1203 1683 1248 1713 tot
1263 1680 1301 1713 de
1318 1689 1350 1713 se
1363 1679 1482 1712 invenit
1499 1679 1679 1711 holocausta
1692 1692 1722 1710 n.
1738 1698 1781 1702 —
1794 1679 1899 1712 Solent
1914 1680 1997 1712 enim
2015 1681 2166 1722 peccatri-
2201 1688 2332 1735 323¹ng

1202 1742 1253 1766 ces
1276 1732 1426 1765 mulieres
1449 1732 1480 1764 in
1505 1732 1554 1764 his
1570 1735 1707 1774 quatuor
1731 1732 1868 1765 maxime
1884 1733 2082 1775 delinquere,
2107 1734 2166 1766 sci-
2194 1743 2237 1761 cta-

1202 1787 1273 1819 licet
1296 1786 1327 1818 in
1350 1785 1488 1817 nutibus
1511 1784 1704 1822 ocutorum,·
1729 1785 1823 1817 isaiae
1840 1785 1969 1818 terti0⁹:
2000 1799 2015 1813 α
2032 1786 2166 1819 Nutibus

1201 1840 1366 1872 oculorum
1392 1838 1478 1871 ibant
1494 1850 1529 1877 »;
1554 1837 1842 1879 superfluitatibus
1859 1838 2077 1886 capillorumg
2102 1840 2166 1881 pri-

1202 1901 1270 1925 mae
1295 1891 1376 1924 Petri
1408 1891 1522 1923 tertio:
1551 1903 1567 1919 «
1592 1891 1656 1923 Non
1689 1890 1729 1923 sit
1752 1890 1896 1924 exterius
1928 1891 2113 1933 capillatura
2130 1905 2164 1931 »;

1202 1945 1232 1978 in
1262 1944 1487 1986 voluptatibus
1511 1943 1722 1981 osculorum
1747 1944 1989 1977 Proverbiorum
2015 1945 2163 1987 septimo:

1206 2012 1222 2027 «
1239 1999 1543 2040 Apprehensumque
1566 1997 1768 2030 deosculatur
1792 1997 1938 2030 iuvenem
1955 2011 1990 2037 »3
2015 1999 2166 2032 suavita-

1202 2051 1289 2084 tibus
1320 2054 1586 2093 unquentorum,
1612 2050 1693 2083 sicut
1717 2050 1833 2083 dicitur
1867 2051 1977 2084 Esther
2009 2052 2165 2091 secundo,

1201 2104 1284 2147 quod
1303 2104 1425 2146 puellae
1445 2103 1528 2146 regis
1550 2116 1565 2132 α
1579 2103 1780 2146 ungebantur
1800 2104 1869 2137 oleo
1890 2105 2055 2147 myrrhino
2069 2120 2084 2135 ι»
2106 2110 2164 2139 etc.

1202 2176 1245 2181 -
1259 2157 1293 2189 Et
1310 2157 1378 2190 ideo
1395 2156 1533 2199 perfecta
1548 2157 1712 2199 poenitens
1728 2157 1833 2190 oculis
1849 2158 2006 2192 serviebat
2017 2159 2055 2192 ad
2069 2159 2166 2202 lacry-
2180 2166 2332 2197 eomrnriafa-

1201 2210 1365 2249 mandum‚
1390 2210 1433 2242 ita
1450 2213 1484 2242 ut
1501 2214 1604 2252 posset
1622 2210 1648 2243 ei
1674 2210 1819 2244 Christus
1839 2211 1943 2245 dicere
1965 2212 2040 2245 illud
2059 2214 2164 2256 quarti
2198 2196 2315 2241 ⁶¹‘tepn‘2‘sm'

1202 2264 1320 2306 Regum
1353 2263 1503 2306 vigesimo
1521 2263 1564 2295 ¹⁰:
1595 2277 1609 2292 (ι
1631 2264 1739 2297 Audivi
1773 2265 1947 2299 orationem
1973 2270 2077 2299 tuam:
2104 2267 2164 2300 vidi

1201 2317 1371 2358 lacrymam
1398 2320 1483 2349 tuam
1502 2329 1537 2355 »;
1562 2316 1693 2359 capillis
1713 2317 1751 2350 ad
1775 2318 2037 2361 abstergendum,
2062 2323 2098 2352 ut
2121 2320 2165 2352 sic

1201 2372 1306 2411 posset
1330 2369 1357 2402 ei
1381 2369 1440 2402 dici
1466 2369 1544 2402 illud
1567 2369 1766 2404 canticorum
1795 2375 1924 2413 quarto:
1954 2385 1969 2400 α
1988 2372 2164 2406 Vulnerasti

1200 2574 1284 2600 Serm.
1305 2575 1330 2600 3.
1350 2574 1375 2600 in
1394 2574 1467 2600 Cant.
1487 2581 1513 2600 n.
1534 2575 1559 2600 2.
1585 2573 1658 2607 (vide
1683 2577 1746 2601 tom.
1766 2575 1808 2600 Vl.
1827 2582 1889 2607 pag.
1917 2575 1981 2607 4¹2,
2007 2579 2094 2601 notam
2117 2574 2165 2608 4.);

1200 2618 1264 2645 ibid.
1285 2619 1369 2645 Serm.
1389 2619 1431 2645 16.
1450 2627 1477 2645 n.
1499 2619 1524 2645 4.
1537 2626 1613 2653 seqq.
1632 2619 1686 2652 agit
1705 2619 1739 2649 de
1752 2620 1905 2646 necessariis
1924 2620 1957 2646 ad
1978 2620 2165 2652 poenitentiam

1200 2663 1315 2696 (pudore
1333 2664 1408 2698 etc.);
1422 2665 1467 2690 cfr.
1482 2668 1544 2690 tom.
1559 2665 1602 2690 lV.
1617 2671 1679 2697 pag.
1700 2664 1767 2696 383,
1788 2669 1848 2690 nota
1869 2664 1901 2696 4;
1922 2665 1970 2690 cfr.
1989 2665 2067 2697 etiam
2083 2666 2167 2691 lucen-

1200 2708 1274 2734 dium
1294 2709 1407 2741 amoris,
1427 2716 1451 2735 c.
1473 2710 1498 2735 2.

1270 2751 1280 2766 ⁷
1300 2753 1496 2780 Ut⁴insinuatur
1522 2754 1538 2779 l.
1559 2754 1628 2779 Tim.
1651 2755 1674 2785 1,
1700 2754 1725 2780 5.
1744 2768 1779 2773 -
1799 2753 1916 2780 Subinde
1941 2754 2068 2785 allegatur
2093 2753 2164 2780 Cant.

1200 2798 1229 2829 8,
1257 2799 1281 2824 1.
1300 2813 1335 2818 -
1354 2799 1462 2825 inferius
1488 2806 1536 2832 pro
1561 2799 1684 2833 corporis
1708 2798 1755 2826 sui
1772 2800 1791 2825 Η
1819 2798 1942 2833 corporis
1968 2798 2069 2825 Christi
2093 2798 2166 2833 [Vat.

1198 2842 1327 2877 Domin2]‚
1346 2843 1392 2877 qui
1411 2843 1489 2869 etiam
1509 2850 1570 2870 cum
1590 2844 1669 2869 BFG
1688 2847 1747 2876 post
1765 2850 1896 2877 suprema
1914 2843 1987 2869 addit
2010 2844 2090 2876 parte
2109 2849 2166 2869 eor-

1194 2887 1272 2922 poris
1290 2887 1342 2915 sui.

1270 2931 1281 2946 Β
1300 2933 1351 2960 Cfr.
1370 2934 1398 2959 11.
1424 2934 1494 2959 Sent.
1520 2933 1547 2959 d.
1573 2933 1614 2959 35.
1640 2932 1704 2959 dub.
1725 2933 1751 2958 6.
1775 2936 1800 2958 et
1820 2933 1846 2958 d.
1872 2932 1913 2958 42.
1939 2939 1963 2958 a.
1988 2933 2013 2957 3.
2038 2940 2064 2965 q.
2085 2933 2110 2958 2.
2129 2946 2164 2951 —

1199 2978 1331 3004 Sententia
1349 2978 1470 3010 Gregorii
1490 2977 1601 3003 habetur
1614 2978 1641 3003 11.
1660 2978 1754 3003 Homil.
1774 2978 1801 3003 in
1816 2978 1915 3009 Evang.
1935 2977 2025 3002 homil.
2044 2977 2086 3003 33.
2100 2985 2126 3003 n.
2140 2978 2166 3003 2.

1199 3036 1234 3041 —-
1253 3022 1361 3048 inferius
1385 3030 1433 3055 pro
1459 3023 1494 3049 Et
1517 3029 1578 3049 vere
1603 3022 1668 3049 haec
1693 3021 1792 3048 mulier
1818 3021 1867 3047 AC
1881 3022 1933 3047 DH
1952 3021 1987 3048 Et
2011 3021 2077 3048 haec
2103 3029 2165 3048 vere

1198 3066 1305 3093 mulier.

1270 3109 1282 3125 ⁹
1301 3111 1377 3137 Vers.
1400 3111 1438 3137 16.
1457 3125 1494 3130 -
1513 3111 1586 3137 Tres.
1606 3118 1679 3144 seqq.
1706 3110 1754 3136 loci
1774 3114 1835 3136 sunt
1856 3110 1872 3136 1.
1894 3111 1960 3136 Petr.
1982 3110 2012 3142 3,
2033 3111 2062 3139 3;
2083 3110 2160 3136 Prov.

1198 3156 1224 3189 7,
1246 3157 1286 3182 13.
1306 3159 1332 3181 et
1350 3156 1441 3181 Esther
1460 3157 1490 3186 2,
1511 3156 1554 3181 12.
1575 3169 1610 3175 -
1630 3155 1736 3181 inferius
1755 3162 1803 3187 pro
1827 3154 2059 3189 superfluitatibus
2085 3154 2164 3188 capil-

1199 3200 1291 3228 lorum
1311 3200 1369 3226 Vat.
1388 3201 1420 3227 In
1439 3199 1603 3234 capillorum
1621 3199 1762 3234 superflua
1778 3198 1998 3234 praeparatione.

1271 3242 1293 3258 ¹⁰
1314 3244 1390 3270 Vers.
1410 3244 1434 3270 5.
1448 3258 1483 3263 —
1497 3245 1649 3277 Sequuntur
1668 3243 1741 3270 Cant.
1761 3243 1789 3277 4,
1804 3243 1828 3269 9.
1847 3246 1873 3269 et
1896 3244 1936 3269 11.
1959 3250 2006 3269 nec
2025 3250 2080 3269 non
2096 3243 2119 3275 1,
2139 3243 2165 3268 3.

1199 3302 1234 3308 -
1253 3288 1381 3320 Superius
1401 3295 1449 3320 pro
1465 3287 1586 3322 perfecta
1606 3287 1746 3322 poenitens
1765 3286 1850 3314 oculis
1875 3286 2009 3314 serviebat
2027 3287 2085 3313 Vnt.
2104 3293 2165 3320 per·

1198 3332 1264 3367 fecte
1279 3331 1440 3366 poenitentis
1459 3331 1532 3359 oculi
1549 3331 1709 3359 serviebant.
