2476 3921
7 639 8 679 ζ
46 643 134 667 solutio.

5 1015 142 1043 tutori-ogauo

4 1050 5 1074 ι
41 1043 105 1065 utilis.

1 1602 114 1625 Chi-istas
105 1607 140 1624 ve-

1 1635 32 1660 rus
44 1629 140 1651 consilia-

728 219 924 253 COMMENT.
950 219 986 252 ΙΝ
1011 219 1250 253 EVANGELIUM
1274 219 1393 253 LUCAE
1415 220 1448 252 C.
1474 220 1573 253 XVlll.

155 311 364 354 interrogavit
387 310 632 353 interrogatione
662 308 753 352 fideti
775 313 803 342 et
834 308 1008 346 stadios-a,-
1031 307 1117 350 quod

94 387 98 391 -
154 365 238 399 elicit
260 374 302 399 ex
326 365 403 405 hoc,
428 364 513 408 quod
536 363 676 396 maxime
706 362 824 396 dicitur
846 362 1000 395 Dominus
1031 361 1118 394 Iesus

154 428 228 453 eum
251 418 417 458 dilexisse;
442 417 526 451 unde
550 417 631 450 Beda
653 416 685 449 in
709 416 818 449 Glossa
832 417 859 447 ¹:
889 428 904 444 α
921 415 986 448 Non
1004 417 1118 456 putan-

154 474 215 507 dus
238 476 286 506 est
307 472 383 512 iste,
408 474 444 505 ut
467 471 595 514 quidam
619 470 726 510 aiunt,
751 469 801 502 vel
837 469 938 502 Deum
964 471 1117 510 tentasse,

156 527 205 560 vel
227 526 266 559 de
290 534 348 559 sua
371 525 436 558 vita
458 524 628 558 mentitum
644 532 730 563 esse;
755 522 910 564 alioquin,
934 525 971 554 ut
995 520 1119 554 Marcus

154 580 215 620 ait,
239 579 375 612 intuitus
405 587 521 611 arcana
555 576 660 610 cordis
690 576 777 616 eius,
801 576 933 618 diligere
956 583 1030 608 eum
1055 583 1117 607 non

154 634 315 667 diceretur
339 633 424 666 lesus
440 645 471 664 a.
487 649 534 656 —
553 630 613 664 Sed
637 630 697 663 hoc
721 629 855 663 solvitur
879 637 936 671 per
960 628 1118 671 quoddam

154 687 288 721 verbum
313 685 436 719 Ioannis
459 683 673 726 Chrysostomi
688 683 718 716 ²:
748 697 763 712 <x
781 683 860 722 lste,
885 682 1006 725 inquit,
1031 681 1119 714 dives

154 744 186 774 et
210 743 346 774 tentator
368 742 400 772 et
423 738 583 780 superbus
605 740 689 777 erat,
713 737 768 770 sed
792 737 878 770 lesus
902 736 1003 769 oculis
1026 735 1119 768 mise-

155 792 310 826 ricordiae
333 791 468 824 intuitus
499 794 547 824 est
570 799 644 824 eum
661 803 692 822 ».
718 790 754 822 Et
777 790 821 822 ita
857 799 918 822 non
951 789 1063 822 dilexit
1089 788 1119 821 in

155 855 192 879 eo
214 845 299 888 quod
324 844 414 887 prius
436 847 505 877 erat
528 853 585 886 per
609 843 811 886 superbiam,
837 842 891 876 sed
908 841 993 885 quod
1016 841 1119 884 coepit

155 908 223 933 esse
247 908 304 941 per
327 898 471 941 gratiam.

245 952 297 985 36.
323 951 553 994 Qualicumque
576 954 682 984 autem
707 950 880 983 intentione
912 949 972 982 hoc
1000 949 1119 987 fecerit,

155 1006 265 1040 utilem
289 1005 362 1039 fecit
386 1005 684 1048 interrogationem
701 1008 732 1037 et
749 1004 818 1037 ideo
835 1003 960 1037 subdit:
980 1003 1118 1035 Dicens:

155 1059 314 1103 Mayt‘ster
338 1058 436 1098 bone,
462 1059 543 1102 quid
566 1056 696 1101 faciens
718 1057 824 1090 vitam
847 1061 1019 1089 aeternam
1043 1065 1120 1098 pos-

154 1113 288 1147 sidebo?
312 1113 391 1146 Haec
415 1116 463 1146 est
487 1115 572 1146 recta
595 1115 626 1145 et
649 1111 737 1144 utilis
760 1110 983 1152 interrogatio,
1009 1118 1121 1143 secun-

155 1168 231 1201 dum
256 1167 334 1200 illud
360 1166 508 1200 ieremiae
532 1165 669 1199 sexto³:
698 1165 815 1197 «State
848 1173 946 1206 super
973 1164 1040 1197 vias
1068 1173 1122 1196 ve-

156 1224 238 1255 stras
261 1224 293 1254 et
327 1220 430 1253 videte
465 1223 496 1252 et
527 1218 720 1260 interrogate
751 1217 789 1261 de
821 1217 941 1250 semitis
964 1217 1120 1259 antiquis,

156 1282 237 1317 quae
261 1274 301 1307 sit
325 1273 375 1306 via
399 1273 498 1311 hona,
522 1274 554 1304 et
576 1271 737 1304 ambulate
761 1271 889 1309 in-ea»;
914 1274 946 1303 et
970 1270 1029 1303 hoc
1046 1279 1121 1303 con-

156 1327 226 1361 silio
256 1325 400 1364 Domini,
436 1324 581 1357 Matthaei
618 1325 727 1357 sexto:
762 1324 944 1365 «Quaerite
979 1324 1121 1366 primum

156 1389 289 1423 regnum
315 1379 370 1412 Dei
399 1381 431 1411 et
453 1378 606 1411 iustitiam
630 1378 699 1411 eius
715 1391 746 1416 ι»,
772 1386 829 1419 per
853 1386 949 1419 quam
985 1377 1123 1419 acquiri-

156 1435 210 1465 tur
233 1440 385 1474 regnum;
410 1434 441 1463 et
464 1430 579 1464 Tobiae
602 1433 736 1473 quarto:
766 1443 782 1458 «
798 1429 970 1462 Consilium
997 1438 1122 1471 semper

156 1495 174 1518 a
197 1485 336 1527 sapiente
361 1484 511 1527 perquire
528 1496 558 1524 1>;
581 1487 615 1517 et
637 1484 777 1517 maxime
800 1470 965 1516 consilium
984 1483 1123 1515 sal-utare

157 1547 282 1581 semper
305 1537 556 1581 perquirendum
572 1541 619 1570 est
642 1538 682 1570 ab
706 1546 770 1570 nno
787 1529 1017 1579 sapientissimo
1033 1535 1124 1568 Chri-

159 1595 206 1625 sto
230 1595 261 1625 et
285 1600 411 1624 summo
435 1590 596 1633 magistro.
624 1591 659 1623 Et
694 1590 764 1623 ideo
798 1593 891 1623 vocat
918 1597 991 1622 eum
1016 1584 1125 1631 Μαρί-

156 1650 278 1684 stram,
302 1654 321 1678 a
344 1654 408 1688 quo
434 1648 582 1687 tanquam
606 1653 625 1677 a
648 1644 838 1686 peritissimo
854 1643 932 1686 petit
956 1643 1124 1676 consilium

158 1708 288 1738 sanum,
314 1698 488 1732 secundum
512 1698 590 1731 illud
614 1697 821 1731 Ecclesiastici
846 1697 983 1730 SGXt04:
1006 1709 1021 1725 a
1036 1696 1123 1728 Multi

159 1752 278 1795 pacifici
304 1752 366 1785 sint
389 1751 464 1791 tibi,
490 1751 689 1784 consiliarius
705 1760 789 1784 -vero
813 1759 898 1783 unus
922 1759 964 1783 ex
990 1750 1074 1783 mille
1090 1763 1121 1781 n.

160 1807 195 1839 Et
230 1806 281 1839 hic
315 1806 462 1839 Christus
492 1809 557 1844 est,
589 1804 628 1837 de
660 1814 724 1847 quo
756 1804 958 1837 Canticorum
995 1803 1124 1845 quinto:

164 1873 181 1889 «
197 1860 336 1893 Dilectus
358 1860 451 1892 meus
473 1858 625 1891 candidus
641 1861 672 1890 et
697 1856 912 1895 rubicundus,
936 1856 1064 1889 electus.
1080 1864 1123 1887 ex

160 1914 300 1947 millibus
316 1925 348 1952 »ς
372 1916 403 1945 et
428 1911 630 1945 Ecclesiastae
654 1910 801 1952 septimo:
825 1922 840 1939 ιι
857 1910 969 1942 Virum
986 1909 1025 1941 de
1041 1902 1126 1941 mille

160 1975 261 2000 unum
286 1965 436 2007 reperi».
461 1964 506 1996 Ah
528 1964 589 1996 isto
613 1963 728 2005 igitur,
752 1962 806 2004 qui
832 1962 918 1994 solus
942 1965 989 1994 est
1016 1961 1126 2004 Μαρί-

150 2024 246 2058 -ster,
281 2017 455 2051 secundum
495 2016 573 2049 illud
609 2013 757 2048 Matthaei
799 2015 948 2057 vigesimo
989 2014 1125 2047 tertio⁵:

165 2072 356 2105 «Unus-est
391 2070 540 2112 magister
576 2072 697 2108 vester,
721 2068 915 2107 Christus»,
948 2068 1003 2110 qni
1040 2068 1126 2101 solus

160 2128 208 2158 est
230 2123 419 2166 sapientia,·
443 2122 564 2165 primae
587 2122 627 2155 ad
649 2121 829 2155 Corinthios
852 2121 972 2163 primo:
1003 2133 1019 2149 «
1037 2120 1126 2153 Chri*

162 2181 246 2211 stum
270 2176 405 2210 dicimus
428 2175 483 2209 Dei
508 2175 659 2209 virtutem
683 2178 715 2208 et
738 2174 793 2207 Dei
815 2174 1000 2216 sapientiam
1018 2187 1049 2213 n,
1071 2174 1126 2216 qui

162 2231 248 2265 solus
271 2235 319 2264 est
350 2239 447 2264 verus
470 2229 707 2268 consiliarius,
732 2228 906 2262 secundum
931 2227 1009 2260 illud
1033 2227 1128 2261 Isaiae

162 2295 261 2319 nono:
292 2284 495 2318 «Vocabitur
519 2292 631 2316 nomen
656 2282 725 2316 eins
748 2281 959 2321 admirabilis,
984 2281 1127 2325 consilia-

237 2468 246 2483 ¹
267 2469 367 2501 Nempe
386 2467 530 2495 ordinarint
550 2467 590 2502 (cx
610 2467 695 2499 Beda,
715 2467 746 2493 V.
768 2467 792 2493 in
812 2468 874 2493 Luc.
897 2468 944 2499 l8,
958 2467 1012 2501 2¹.)
1027 2467 1052 2493 in
1069 2468 1130 2493 Luc.

166 2515 215 2545 48,
236 2514 280 2539 48.
299 2513 325 2539 ln
345 2513 401 2545 ipsa
421 2513 549 2544 allegatur
570 2513 649 2538 Marc.
673 2513 721 2543 10,
740 2512 790 2537 at:
810 2513 881 2538 lesus
900 2515 1003 2544 autem,
1023 2512 1131 2538 intuitus

166 2558 349 2590 eum,.dilcxit
367 2565 429 2584 eum
443 2560 492 2583 etc.
505 2557 558 2583 Csr.
577 2557 693 2588 Hieron„
713 2557 750 2582 lll.
769 2556 918 2583 Commeat.
937 2557 963 2582 iu
982 2557 1068 2582 Matth.
1090 2557 1122 2581 19

167 2604 210 2629 18.
229 2610 295 2636 seq„
315 2602 359 2628 ubi
380 2603 469 2633 docet,
492 2602 707 2628 «adolescentem
728 2601 807 2627 istum
828 2604 982 2627 tentatorem
1002 2608 1059 2627 esse
1070 2611 1094 2633 n,
1107 2603 1132 2626 et

167 2647 193 2673 in
212 2655 238 2673 v.
258 2648 300 2673 20.
320 2647 369 2673 ait:
390 2647 509 2673 Mentitur
528 2646 689 2672 adolescens.
709 2646 735 2671 Si
749 2645 818 2671 enim
839 2646 905 2677 hoc,
923 2645 995 2679 quod
1016 2645 1132 2677 positum

167 2694 206 2717 est
220 2691 251 2717 -in
280 2691 425 2717 mandatis:
454 2690 555 2724 Diliyes
579 2689 744 2724 prooet'mmn
772 2691 851 2716 tuum
878 2689 950 2716 sicut
972 2691 996 2716 te
1025 2688 1131 2723 ipsum,

167 2742 249 2768 opere
268 2736 439 2767 complesset,
459 2735 596 2768 quomodo
625 2738 716 2767 postea
745 2733 871 2760 audiens:
901 2733 971 2760 Vade
999 2735 1024 2759 et
1052 2732 1133 2760 rende

169 2787 238 2814 quae
256 2779 337 2807 habes
365 2781 392 2806 et
418 2779 454 2806 da
482 2778 662 2814 pauperibus,
682 2779 761 2805 tristis
791 2778 912 2810 recessit,
936 2778 998 2811 quia
1019 2777 1134 2803 habebat

165 2823 347 2858 possessiones
367 2823 488 2851 multas?

239 2867 249 2883 ¹
269 2869 365 2894 iloniil.
384 2869 427 2894 63.
447 2869 520 2902 (alias
539 2868 596 2901 64.)
617 2869 642 2894 in
661 2869 748 2894 Matth.
768 2875 794 2893 n.
815 2868 845 2893 t:
864 2867 978 2900 Quidam
1003 2867 1073 2892 hunc
1092 2866 1132 2902 iu-

169 2920 265 2938 venem
285 2916 313 2938 ut
333 2913 527 2939 fraudulentum
548 2916 574 2939 et
593 2911 744 2945 improbum
764 2912 950 2943 criminantur,
970 2913 998 2937 ut
1016 2911 1062 2944 qui
1081 2913 1132 2936 ten-

170 2956 241 2983 tandi
260 2964 339 2983 causa
360 2958 444 2983 lesum
464 2957 574 2989 adierit;
593 2964 645 2989 ego
664 2964 729 2983 vero
747 2956 820 2982 illum
840 2962 950 2981 avarum
965 2958 990 2981 et
1009 2955 1133 2987 pecunia-

170 3008 230 3028 rum
258 3004 391 3027 amantem
415 3001 503 3027 dicere
521 3008 572 3027 non
592 3000 726 3033 dubitem,
745 3000 854 3034 quando
872 2999 990 3026 Christus
1009 2999 1087 3025 talem
1108 2999 1133 3024 il·

170 3046 224 3071 lum
238 3052 297 3071 esse
309 3045 513 3077 demonstravit;
534 3045 727 3071 fraudulentum
742 3052 806 3070 vero
820 3051 988 3077 nequaquam
997 3062 1004 3075 ,
1017 3043 1134 3077 quando·

171 3089 279 3122 quidem
299 3096 350 3115 uon
370 3092 455 3115 tutum
475 3092 514 3115 est
532 3089 565 3115 de
584 3088 694 3120 occultis
712 3089 838 3115 audacter
857 3088 987 3119 iudicare,
1001 3094 1062 3114 cum
1082 3095 1134 3113 ma-

172 3132 241 3158 xime
260 3133 294 3158 de
311 3133 439 3166 quopiam
458 3133 726 3165 accusandoagitur,
745 3136 824 3166 atque
844 3133 921 3159 etiam
941 3132 1014 3165 quod
1033 3133 1135 3158 Marcus

173 3176 243 3202 illam
262 3176 440 3209 suspicionem
459 3177 616 3208 removerit;
635 3183 697 3203 nam
715 3177 752 3202 ait
770 3177 830 3210 ΗΟ,
846 3176 887 3203 ⁴7.
902 3179 928 3203 et
947 3175 1019 3211 2⁴.]:
1034 3177 1135 3203 Accur-

172 3226 236 3246 rens
254 3221 281 3247 et
297 3220 476 3254 qenuflectem
494 3214 610 3254 rogabat
628 3224 767 3253 eum,et:
785 3220 936 3255 Respiciens
950 3221 1025 3247 Iesus
1038 3219 1135 3247 ditemit

173 3271 244 3291 eum.
263 3278 298 3283 -
316 3263 394 3296 eard,
413 3265 489 3297 nugo
517 3268 543 3291 et
569 3265 598 3291 B.
617 3264 715 3291 Albert.
742 3265 819 3291 aliam
845 3265 946 3291 addunt
964 3265 1135 3297 solutionem,

173 3309 228 3336 scil.
247 3309 319 3342 quod
339 3309 405 3336 sorta
423 3309 517 3335 suerint
535 3308 648 3340 diversi,
667 3309 701 3336 de
719 3316 773 3343 quo
793 3309 835 3336 hic
850 3309 926 3336 etde
938 3317 992 3343 quo
1010 3310 1036 3336 in
1050 3310 1135 3336 Marco

176 3354 275 3380 mentio
294 3354 330 3380 sst.
348 3367 384 3373 —
402 3354 510 3380 inferius
527 3361 576 3386 pro
591 3354 624 3380 Et
642 3353 680 3381 ita
700 3354 757 3380 Vat.
780 3354 812 3381 Et
831 3353 915 3388 insta.

246 3396 257 3413 ³
277 3398 352 3425 Vers.
368 3398 409 3425 16.
423 3412 456 3417 -
466 3398 524 3425 Duo
534 3404 607 3432 seqq.
618 3398 666 3425 loci
676 3401 737 3425 sunt
747 3398 832 3425 Matth.
846 3399 871 3428 6,
885 3399 927 3425 33.
941 3402 967 3425 et
978 3397 1045 3425 Tob.
1057 3398 1080 3432 t,
1093 3399 1136 3425 49.

2078 222 2138 254 461

1182 307 1250 341 rius
1266 321 1281 337 n
1303 311 1384 348 etc.;
1403 309 1462 341 hoc
1480 309 1644 342 consilium
1670 312 1702 343 et
1724 310 1948 343 documentum
1965 314 2013 343 est
2036 311 2143 352 requi-

1182 361 1328 400 rendum,
1341 361 1516 395 secundum
1533 362 1610 395 illud
1627 362 1721 395 Isaiae
1737 363 1977 405 quadragesimo
1993 365 2142 396 octavo⁸t

1187 426 1203 443 nr
1220 414 1283 456 Ego
1306 414 1459 447 Dominus
1481 415 1597 448 docens
1614 418 1644 448 te
1660 416 1767 455 utilia,
1784 416 1965 458 gubernans
1989 421 2019 450 te
2037 418 2066 449 in
2084 417 2145 456 via,

1182 476 1246 509 qua
1269 467 1414 500 ambulas
1429 481 1460 500 ».

1273 519 1326 553 37.
1351 520 1453 562 (Vers.
1481 522 1556 561 19.).
1581 521 1724 554 Secundo
1758 526 1913 564 quantum
1948 522 1987 555 ad
2011 533 2146 564 respon·
2168 531 2298 553 secunaum.

1182 573 1329 613 sionem,
1354 583 1418 616 qua
1441 573 1636 613 ostenditur,
1660 584 1724 617 qao
1741 575 1956 613 tendendam,
1982 575 2144 608 subditur:

1188 627 1281 660 Dixit
1305 627 1438 660 autem⁷
1466 627 1576 660 lesus.-
1604 628 1693 668 Qaz’d
1716 637 1767 660 me
1783 628 1867 660 dici-s
1891 628 2038 660 bonum?
2062 629 2145 670 quod

1183 689 1246 713 non
1277 680 1354 713 dicit
1375 680 1538 723 arguendo
1573 689 1648 714 eum
1683 684 1831 723 tanquam
1869 681 2069 719 mendacem,
2094 681 2147 714 sed

1183 734 1277 776 quia,
1302 742 1418 767 vocans
1448 743 1521 767 eum
1551 733 1689 772 bonam,
1725 734 1930 767 intentionem
1965 734 2079 776 figebat
2116 735 2146 767 in

1184 787 1391 820 humanitate.
1416 787 1503 820 Unde
1526 787 1720 830 Augustinus
1743 787 1782 820 de
1806 787 2000 820 Trinitate⁸:
2023 787 2150 820 «Vocas

1185 849 1253 880 me,
1270 840 1445 874 secundum
1462 840 1541 874 illud
1557 840 1642 883 quod
1660 840 1763 880 vides,
1783 841 1987 883 mayz'strum
2005 840 2147 879 bonum;

1185 894 1283 927 huius
1307 894 1427 927 formae
1450 895 1529 928 visio
1553 904 1614 928 non
1639 895 1701 928 erit
1724 895 1755 927 in
1783 895 1901 927 bonum
1923 894 1973 927 bis
1997 895 2052 937 qui
2070 895 2151 927 male

1184 951 1283 990 agunt
1298 960 1329 986 »ς
1353 948 1444 991 quasi
1468 947 1568 980 dicat:
1594 948 1733 987 bonitas,
1757 947 1795 980 ad
1819 957 1915 990 quam
1941 947 2069 980 tendere
2092 947 2146 980 de-

1184 1000 1258 1040 hes,
1283 1010 1346 1034 non
1369 1005 1417 1034 est
1441 1001 1472 1035 in
1497 1010 1547 1034 me
1571 1001 1745 1034 secundum
1771 1001 1855 1044 quod
1885 1001 1996 1040 homo,
2022 1001 2075 1034 sed
2100 1010 2148 1034 se-

1184 1054 1325 1087 cundum
1349 1054 1434 1097 quod
1458 1055 1552 1088 Deus.
1578 1074 1622 1078 —
1647 1055 1682 1087 Et
1705 1054 1774 1088 ideo
1790 1054 1892 1088 addit:

1184 1107 1254 1140 nisi
1274 1107 1366 1140 solu-s·
1392 1108 1499 1146 Deas;
1523 1108 1607 1150 quod
1631 1118 1692 1141 non
1711 1108 1855 1150 intelligit
1878 1108 1916 1141 de
1933 1108 2070 1141 bonitate
2092 1117 2148 1150 per

1182 1161 1496 1203 participationem,
1510 1171 1592 1204 quae
1608 1162 1755 1195 omnibus
1772 1162 2024 1195 communicatur
2040 1171 2059 1194 a
2076 1162 2150 1201 Deo,

1186 1214 1362 1247 secundum
1385 1215 1462 1247 illud
1487 1215 1614 1248 Genesis
1638 1215 1784 1257 primo⁰z
1814 1228 1829 1244 α
1847 1215 1929 1247 Vidit
1960 1215 2044 1248 Deus
2073 1218 2150 1248 cun-

1186 1272 1254 1308 cta,
1279 1278 1361 1311 quae
1384 1269 1518 1307 fecerat,
1543 1272 1574 1301 et
1597 1272 1688 1301 erant
1706 1269 1794 1301 valde
1810 1269 1892 1301 bona
1909 1281 1939 1308 n,
1965 1268 2018 1301 sed
2042 1269 2081 1302 de
2098 1269 2152 1302 bo-

1186 1322 1284 1355 nitate
1308 1331 1364 1364 per
1388 1323 1580 1360 essentiam,
1610 1331 1691 1364 quae
1716 1322 1789 1354 facit
1823 1322 1931 1355 beatos
1966 1325 1998 1355 et
2032 1322 2149 1360 bonos,

1187 1375 1362 1409 secundum
1387 1375 1465 1408 illud
1490 1375 1588 1408 Exodi
1613 1375 1773 1417 trigesimo
1791 1375 1901 1408 tertio:
1931 1388 1946 1404 α
1965 1376 2026 1417 Ego
2050 1379 2154 1408 osten-

1187 1428 1260 1462 dam
1285 1428 1341 1461 tibi
1366 1437 1458 1461 omne
1482 1428 1599 1461 honum
1617 1441 1648 1467 »ς
1673 1432 1704 1461 et
1735 1429 1796 1461 hoc
1820 1429 1921 1461 solnm
1955 1433 2002 1462 est
2032 1429 2153 1462 deside-

1188 1482 1342 1520 randum,
1367 1481 1541 1515 secundum
1577 1481 1655 1514 illud
1688 1482 1931 1514 proverbiorum
1968 1481 2151 1514 undecimo:

1194 1548 1210 1564 «
1226 1535 1424 1568 Desiderium
1450 1535 1606 1567 iustorum
1638 1544 1731 1568 omne
1755 1535 1873 1568 bonum
1891 1549 1923 1566 n.
1948 1535 2010 1567 Hoc
2034 1535 2152 1567 bonum

1188 1588 1406 1631 quaerendum
1431 1591 1478 1621 est
1509 1588 1592 1621 sicut
1623 1588 1695 1621 finis
1726 1588 1829 1621 omnis
1853 1588 1944 1627 boni;
1969 1588 2053 1620 unde
2077 1589 2153 1621 Mat-

1190 1642 1273 1675 thaei
1290 1642 1411 1675 decimo
1428 1651 1511 1674 nono
1525 1642 1569 1674 1⁰:
1599 1654 1614 1670 «ι
1631 1641 1713 1683 Quid
1736 1650 1787 1674 me
1803 1641 1979 1683 interrogas
1995 1641 2034 1674 de
2050 1641 2154 1674 bono?

1190 1696 1286 1729 Nemo
1310 1696 1414 1728 bonus
1430 1709 1445 1724 ι)
1474 1699 1545 1735 ete,
1569 1695 1601 1728 id
1625 1698 1690 1734 est,
1708 1695 1826 1728 bonum
1843 1695 1937 1728 finale
1960 1695 1991 1728 in
2009 1695 2076 1728 solo
2094 1695 2156 1728 Deo

1190 1753 1255 1788 est,
1280 1749 1334 1791 qui
1360 1753 1408 1782 est
1439 1749 1511 1782 finis
1545 1749 1706 1787 omnium,
1736 1750 1811 1791 quia
1839 1749 1990 1782 «bonum
2025 1753 2056 1781 et
2085 1749 2156 1781 finis

1190 1803 1272 1836 idem
1288 1816 1316 1835 ι».
1336 1803 1372 1835 Et
1387 1803 1454 1844 ipse
1469 1802 1545 1835 dicit
1561 1803 1759 1844 Apocalypsis
1784 1802 1887 1844 primo
1902 1803 1945 1834 ¹¹:
1975 1815 1990 1831 ιι
2005 1802 2065 1844 Ego
2082 1811 2153 1835 sum

1189 1855 1285 1896 alpha
1308 1858 1339 1887 et
1363 1864 1490 1896 omega,
1514 1847 1706 1896 principium
1742 1848 1773 1887 et
1796 1855 1869 1887 finis
1885 1864 1916 1893 ιη
1941 1858 1972 1887 et
1996 1853 2064 1887 ideo
2096 1855 2155 1886 Na-

1191 1907 1270 1939 hum
1287 1907 1406 1948 primo:
1428 1920 1444 1935 α
1458 1907 1562 1939 Bonus
1579 1906 1731 1939 Dominus
1747 1910 1779 1939 et
1794 1906 1974 1939 confortans
1988 1906 2019 1938 in
2032 1906 2085 1938 die
2099 1907 2156 1938 tri—

1190 1960 1361 1994 bulationis
1384 1964 1415 1992 et
1439 1960 1540 1992 sciens
1572 1963 1736 2001 sperantes
1759 1960 1790 1992 in
1816 1968 1849 1992 se
1865 1972 1895 1991 n.
1921 1960 1965 1992 Ab
1989 1960 2049 1992 hoc
2074 1960 2157 1992 bono

1190 2016 1296 2045 manat
1320 2013 1351 2045 in
1375 2022 1433 2046 nos
1449 2013 1571 2045 bonitas
1595 2021 1652 2054 per
1676 2012 1829 2055 Spiritum
1846 2016 2009 2051 sanctum;
2027 2013 2156 2054 Sapien-

1191 2066 1252 2098 tiae
1275 2065 1460 2098 duodecimo
1474 2066 1518 2098 ¹²:
1547 2078 1562 2094 α
1580 2065 1606 2098 O
1638 2074 1733 2107 quam
1765 2065 1867 2098 bonus
1898 2070 1929 2098 et
1960 2066 2066 2098 suavis
2095 2069 2156 2105 est,

1191 2119 1337 2158 Domine,
1354 2119 1491 2161 Spiritus
1508 2122 1582 2152 tuus
1597 2119 1628 2151 in
1646 2119 1737 2152 nobis
1750 2130 1780 2158 »;
1798 2122 1830 2152 et
1847 2119 2001 2152 Psalmus:
2024 2132 2040 2148 cx
2053 2120 2153 2161 Quam

1191 2173 1294 2206 bonus
1317 2173 1412 2206 Israel
1435 2173 1519 2205 Deus
1543 2173 1593 2205 his
1616 2172 1670 2215 qui
1700 2176 1786 2206 recto
1810 2176 1885 2212 sunt
1909 2172 2003 2206 eorde
2020 2187 2049 2205 ι».
2076 2173 2155 2206 Haec

1190 2231 1297 2260 autem
1322 2227 1444 2260 bonitas
1468 2230 1593 2266 nostra,
1617 2226 1656 2260 ad
1680 2227 1816 2259 divinam
1834 2227 2003 2260 bonitatem
2029 2236 2155 2269 compa-

1193 2285 1279 2320 rata,
1304 2290 1366 2313 non
1391 2284 1438 2314 est
1461 2280 1600 2319 bonitas;
1619 2280 1702 2313 unde
1720 2280 1772 2313 lob
1788 2284 1902 2323 quarto
1918 2281 1959 2312 ¹⁸:
1982 2293 1997 2308 α
2011 2279 2159 2322 Nunquid

1267 2465 1278 2480 ⁴
1299 2466 1372 2492 Vei-s.
1394 2466 1419 2491 6.
1438 2465 1498 2498 (pro
1518 2464 1597 2491 Multi
1615 2464 1634 2491 C
1648 2465 1667 2490 D
1686 2464 1771 2496 Mille)
1797 2467 1822 2490 ct
1850 2464 1954 2498 deinde*
1971 2463 2043 2489 Cant.
2064 2464 2095 2494 5,
2120 2464 2158 2489 lo.

1197 2513 1223 2537 et
1241 2511 1324 2536 Eccle.
1343 2510 1374 2541 7,
1394 2510 1437 2535 29.

1269 2553 1280 2568 ⁶
1300 2555 1374 2580 Vers.
1394 2554 1441 2584 10,
1461 2556 1520 2585 post
1538 2560 1617 2586 quem
1638 2553 1653 2578 Ι.
1674 2552 1733 2579 Cor.
1756 2553 1783 2583 l,
1803 2552 1845 2578 24.
1866 2556 1891 2578 et
1911 2552 1970 2578 lsai.
1984 2552 2015 2585 ,9,
2035 2553 2061 2578 6.

1268 2597 1280 2612 ⁶
1300 2598 1373 2624 Vers.
1396 2597 1441 2628 17,
1462 2596 1506 2623 ubi
1526 2604 1574 2629 pro
1593 2601 1648 2630 qmt
1667 2596 1686 2623 C
1700 2597 1750 2622 DG
1771 2596 1798 2622 in
1818 2603 1882 2630 qua.

1268 2641 1278 2657 ⁷
1299 2642 1364 2669 Cod.
1383 2643 1403 2667 ll
1424 2649 1484 2667 cum
1506 2641 1615 2673 Vulgata
1636 2641 1709 2667 addit
1727 2640 1758 2667 ei.

1269 2685 1280 2700 ⁸
1299 2687 1369 2713 Libr.
1390 2688 1406 2712 l.
1427 2693 1448 2712 c.
1471 2686 1512 2712 ⁴3.
1536 2693 1562 2711 n.
1592 2685 1634 2711 31.
1659 2684 1741 2711 Codd.
1768 2684 1881 2710 ACDH
1901 2685 2013 2716 allegant
2038 2684 2069 2711 de
2096 2684 2160 2711 Civi-

1199 2733 1251 2759 tate
1272 2731 1319 2758 Dei
1337 2733 1380 2764 (it).
1399 2745 1434 2750 —
1454 2730 1562 2764 interius
1580 2730 1629 2762 pro
1648 2728 1754 2755 tendere
1774 2729 1796 2755 D
1815 2729 1850 2761 (in
1871 2729 2002 2761 margine)
2015 2728 2160 2756 attendere.

1269 2774 1281 2789 ⁰
1302 2775 1376 2801 Vers.
1396 2775 1437 2800 31.
1457 2788 1492 2794 —
1511 2774 1568 2800 Duo
1587 2779 1662 2806 seqq.
1682 2773 1730 2798 loci
1750 2776 1810 2799 sunt
1831 2773 1909 2799 Exod.
1930 2774 1973 2804 33,
1988 2773 2030 2799 te.
2044 2776 2069 2799 et
2083 2773 2158 2799 Prov.

1200 2821 1247 2852 11¹,
1266 2821 1310 2846 23.
1329 2821 1419 2853 (quem
1440 2820 1498 2844 Vat.
1518 2819 1631 2852 omittit).
1652 2819 1741 2844 Glossa
1766 2817 1950 2845 interfiuent-it»=
1968 2818 1995 2844 in
2014 2818 2092 2844 Marc.
2114 2818 2158 2848 ¹0,

1199 2865 1247 2891 ⁴8:
1261 2865 1345 2892 Nemo
1359 2864 1443 2890 bonus
1457 2867 1514 2895 etc.,
1528 2863 1572 2896 qui
1586 2862 1757 2898 solus,bonus
1770 2870 1802 2888 ex
1818 2870 1846 2888 se
1855 2883 1861 2895 ,
1874 2863 1916 2888 alii
1930 2869 1978 2895 pei·
1991 2863 2078 2895 ipsum
2090 2862 2160 2888 boni.

1272 2909 1294 2924 ¹⁰
1313 2910 1389 2935 Vers.
1409 2909 1455 2939 Π,
1474 2909 1500 2934 in
1518 2909 1595 2934 cuius
1613 2908 1664 2933 flue
1684 2908 1742 2933 Vat.
1756 2914 1816 2933 curn
1832 2907 1945 2939 Vulgata
1966 2907 2042 2934 Unus
2060 2908 2099 2933 est
2118 2905 2159 2933 bo-

1199 2961 1251 2981 nus
1271 2954 1360 2986 Deus,·
1378 2954 1425 2979 cfr.
1445 2953 1522 2979 Marc.
1544 2953 1590 2984 lo,
1617 2953 1660 2978 l8.
1684 2966 1720 2972 —
1738 2952 1775 2978 De
1800 2953 1926 2978 sententia
1947 2952 2066 2978 Aristot.:
2089 2960 2102 2974 cx
2115 2951 2162 2977 Bo-

1200 3007 1263 3026 num
1283 3002 1309 3025 et
1328 2999 1386 3024 linis
1405 2998 1476 3024 idem
1490 3007 1515 3029 n,
1535 2999 1581 3023 cfr.
1601 3001 1664 3023 tom.
1685 2997 1703 3023 Ι.
1722 3004 1784 3029 pag.
1802 2997 1869 3027 769,
1888 3000 1948 3022 nota
1972 2997 1994 3022 l.
2008 3000 2033 3022 et
2052 3000 2114 3022 tom.
2135 2997 2162 3022 ll.

1199 3051 1263 3077 pag.
1284 3044 1350 3075 808,
1370 3047 1428 3069 nota
1449 3042 1475 3068 5.
1496 3042 1581 3069 Codd.
1599 3041 1618 3068 C
1640 3042 1659 3067 D
1678 3041 1800 3074 primitus
1825 3040 1948 3073 legebant
1973 3040 2037 3075 quia
2062 3040 2162 3067 bonum

1199 3091 1224 3115 et
1241 3088 1303 3124 finis
1321 3094 1432 3120 rerum,
1452 3087 1507 3122 ipse
1526 3086 1590 3114 dicit
1608 3087 1689 3120 Apoc.
1713 3084 1746 3118 Ι,-
1765 3086 1881 3112 secunda
1902 3092 1997 3111 manus
2017 3086 2044 3111 in
2064 3085 2083 3112 C
2103 3090 2163 3117 post

1199 3140 1295 3160 rerum
1314 3132 1414 3159 addidit
1433 3131 1517 3167 idem,
1538 3132 1562 3157 in
1581 3131 1604 3157 D
1627 3138 1691 3157 vero
1719 3130 1834 3157 secunda
1861 3137 1955 3156 manus
1980 3133 2040 3162 post
2067 3136 2162 3155 rerum

1200 3177 1331 3211 quaedam
1361 3177 1461 3202 addens
1486 3175 1708 3208 grammaticalem
1732 3174 1954 3201 constructionem
1984 3174 2094 3200 mutavit
2124 3175 2163 3200 est

1201 3222 1271 3256 ipse,
1291 3221 1339 3256 qui
1355 3220 1418 3248 dicit
1437 3221 1520 3254 Apoc.
1540 3218 1563 3247 Ι.

1273 3265 1294 3280 ¹¹
1316 3266 1391 3292 Vera.
1410 3266 1436 3291 8.
1454 3268 1480 3291 et
1498 3265 1599 3291 Nahum
1621 3264 1630 3289 t
1645 3283 1651 3295 ,
1669 3263 1697 3289 7.

1273 3308 1295 3325 ¹¹
1316 3310 1391 3336 Vers.
1413 3310 1444 3340 t,
1462 3312 1522 3341 post
1539 3314 1619 3341 quem
1640 3308 1680 3333 Ps.
1698 3307 1747 3338 72,
1771 3307 1794 3333 l.

1274 3353 1296 3369 ¹⁸
1317 3354 1392 3380 Vers.
1413 3353 1454 3379 Π.
1474 3353 1566 3381 Glossa
1585 3352 1610 3378 in
1630 3353 1699 3378 hunc
1711 3351 1759 3378 loc.
1774 3354 1813 3377 est
1825 3349 1968 3378 ordinaria
1981 3350 2024 3384 (ex
2042 3351 2168 3386 Goegot,

1203 3399 1234 3426 V.
1253 3399 1343 3425 Moral.
1361 3406 1385 3425 c.
1405 3399 1449 3425 37.
1470 3404 1495 3424 n.
1515 3397 1578 3430 (37.).

1919 1054 2018 1087 Nemo
2044 1055 2148 1087 bonus
2176 1061 2296 1092 sannam„

2163 1089 2190 1110 de
2206 1089 2309 1110 bonu-ate.
