2427 3872
306 245 370 277 818

588 285 648 311 roi-3

357 347 392 350 —
411 332 505 357 Malum
524 337 624 363 poenae
648 330 744 362 premit
768 330 891 355 virtutem
911 330 943 355 Vl

305 377 356 402 602
371 377 380 401 4
396 390 430 394 -
441 374 594 400 volentibus
604 374 677 400 adire
686 381 798 406 regnum
810 374 943 399 caelorum

304 420 425 447 obstabat
444 419 662 451 impedimentum
682 425 783 450 poenae
802 418 849 443 624
868 425 894 443 v.
910 418 943 443 47

356 479 391 484 -
410 464 540 496 Sapientia
560 463 652 489 liberat
671 463 704 488 de
723 462 859 488 doloribus
884 469 944 494 poe·

303 516 397 535 narum
422 511 587 534 aeternarum
612 507 645 532 Vl
671 506 721 532 474
740 514 766 532 v.
787 507 802 531 9
821 520 857 525 —
876 507 944 531 Mors

302 553 394 579 Christi
415 553 476 578 tollit
494 559 607 584 poenam
628 551 727 583 peccati
747 551 794 575 591
819 558 844 576 ν.
862 550 895 575 50
909 563 943 569 -

303 605 355 624 non
374 597 514 623 remittitur
532 596 581 622 nisi
600 596 641 621 cui
669 596 737 621 Deus
761 594 868 620 remittit
892 594 943 620 cul-

303 649 366 674 pam
391 641 442 667 514
469 641 502 666 49
525 640 588 666 Vide
606 647 631 666 v.
651 640 801 666 Peccatum.
823 652 858 657 —
883 639 945 664 Poe·

302 693 352 712 nae
374 685 485 712 remotio
510 684 651 710 attenditur
675 691 728 709 non
753 684 838 709 solum
864 690 944 715 quan-

302 734 357 757 tum
371 730 404 756 ad
417 730 592 762 repulsionem
605 728 775 754 tentationum
784 747 790 759 ,
804 727 851 753 sed
864 728 942 753 etiam

302 778 430 808 quantum
449 774 483 799 ad
496 773 668 799 remotionem
682 772 850 798 afflictionum
865 774 890 797 et
902 772 944 797 tri-

302 820 465 845 bulationum
486 819 529 844 Vll
551 818 602 843 279
621 818 637 843 7

354 876 391 883 —-
408 866 447 889 est
465 864 507 889 vel
521 862 671 894 temporalis
684 862 726 887 vel
740 863 845 886 aeterna
859 861 892 886 Vl
907 860 940 886 39

302 916 331 942 q.
349 909 373 934 3.
394 908 446 934 375
466 907 508 933 44.
528 907 579 933 589
600 907 615 931 8
629 920 664 925 —
677 905 852 931 damnationis
865 908 945 930 aeter-

303 961 351 979 nae
376 953 528 979 sustinenda
557 955 595 978 est
621 952 645 977 in
672 952 771 976 inferno
797 950 848 975 547

303 1001 407 1024 aeterna
432 997 522 1029 triplex
547 999 586 1022 est
610 996 661 1021 589
687 996 701 1020 8
721 1009 756 1013 ——
775 997 879 1020 aeterna
906 996 945 1019 est

303 1043 401 1068 infinita
427 1042 565 1067 duratione
590 1041 623 1065 39
649 1047 676 1073 q.
700 1041 715 1065 3
736 1054 768 1057 —
789 1038 881 1065 inferni
905 1041 944 1064 est

304 1086 504 1113 irremediabilis
524 1086 567 1111 Vll
587 1084 639 1111 335
659 1085 692 1109 86
711 1098 752 1106 —.
765 1086 853 1109 manet
878 1090 944 1109 sem-

302 1132 405 1164 piterna
426 1131 476 1156 460
495 1130 524 1155 94
548 1145 583 1148 -
603 1129 654 1162 Qui
672 1131 764 1161 peccat
788 1129 814 1153 in
841 1127 942 1153 bonum

303 1176 431 1202 infinitum
462 1175 589 1201 intensive
620 1177 646 1200 et
673 1173 806 1199 extensive
836 1172 944 1198 deberet

299 1224 415 1253 *utroque
435 1220 515 1245 modo
535 1219 632 1245 infinite
645 1217 730 1250 puniri
744 1216 807 1244 ibid.
821 1231 856 1236 —
869 1217 944 1244 Crea-

302 1269 360 1291 tura
379 1271 432 1290 non
448 1266 533 1296 potest
547 1263 809 1289 habereiniinitatem
822 1261 944 1287 intensio-

303 1311 343 1336 nis
358 1310 383 1335 in
396 1309 547 1342 punitione,
560 1309 605 1334 sed
626 1308 779 1334 infinitatem
799 1307 944 1333 durationis

302 1362 364 1381 cum
393 1354 491 1380 finitate
518 1352 666 1379 acerbitatis
691 1351 754 1378 ibid.
772 1366 807 1370 -—
827 1352 886 1377 licet
911 1351 943 1377 sit

303 1399 540 1430 maiorssvoluptate
559 1400 584 1423 et
604 1397 689 1423 minor
702 1398 814 1427 offensa,
827 1399 942 1422 attamen

302 1446 430 1476 aequatur
442 1443 524 1468 reatui
538 1442 706 1473 obligationis
719 1441 866 1467 necessario
880 1439 942 1467 ibid.

302 1503 337 1507 —-
348 1488 498 1520 temporalis
508 1495 557 1513 nec
567 1490 672 1512 aeterna
682 1489 765 1512 totum
776 1485 875 1511 bonum
890 1485 943 1510 adi-

303 1533 360 1565 mit,
382 1533 428 1558 sed
448 1536 553 1558 aeterna
567 1538 673 1563 semper
685 1531 777 1556 adimit
790 1530 823 1555 Vl
839 1530 872 1555 39
885 1537 911 1562 q.
926 1530 940 1554 3

354 1591 390 1596 -
408 1578 476 1603 iusto
495 1577 541 1602 Dei
561 1576 659 1602 iudicio
678 1575 726 1601 erit
745 1574 848 1606 gravis,
862 1574 943 1599 horri-

303 1622 362 1648 bilis
380 1625 406 1648 et
423 1629 453 1648 ex
473 1621 619 1653 improviso
638 1620 679 1646 Vll
695 1619 746 1644 338
760 1619 776 1644 7
790 1633 825 1638 -—
838 1621 942 1643 aeterna

301 1670 421 1693 naturam
448 1666 558 1692 totaliter
577 1664 688 1690 conterit
714 1667 739 1689 et
757 1664 785 1688 in
805 1663 942 1695 pulverem

301 1711 405 1737 reducit
423 1711 474 1736 508
495 1710 528 1736 24
548 1723 582 1729 -
601 1710 636 1734 Ex
655 1708 862 1735 consideratione
881 1714 944 1738 sup-

302 1756 371 1788 plicii
397 1755 494 1781 aeterni
513 1755 595 1780 oritur
613 1757 712 1779 tremor
732 1754 764 1778 Vl
784 1752 834 1777 349
856 1752 883 1776 44
908 1765 943 1770 -

302 1801 340 1825 Βε
359 1807 444 1832 poena
464 1802 567 1824 aeterna
587 1802 626 1823 est
640 1797 800 1823 horrendum
814 1796 865 1822 560
881 1795 895 1821 4
908 1808 944 1814 —

302 1845 350 1870 Per
360 1844 595 1870 considerationem
607 1849 708 1874 poenae
718 1844 849 1870 aeternae,
862 1846 943 1872 quam

301 1889 406 1921 meruit,
420 1892 542 1920 peccator
555 1886 691 1913 descendit
709 1886 742 1911 ad
756 1884 942 1917 poenitentiam

302 1932 337 1959 ib.
355 1933 386 1965 3,
406 1932 421 1958 4

355 1992 390 1996 —
409 1980 449 2003 est
472 1977 513 2002 vel
539 1975 628 2002 damni
653 1975 695 2000 vel
719 1981 812 2000 sensus
831 1974 863 1999 Vl
890 1973 940 1998 429

301 2030 327 2048 v.
348 2023 380 2048 40
400 2037 435 2040 -
448 2022 497 2047 Pro
509 2020 581 2046 omni
596 2022 704 2052 peccato
717 2018 844 2051 infligitur
856 2025 941 2050 poena

302 2067 390 2093 damni
409 2070 435 2092 et
453 2072 537 2098 poena
557 2071 665 2095 sensus,
685 2070 768 2096 poena
787 2063 900 2088 exterior
917 2065 942 2088 et

300 2112 408 2138 interior
428 2112 479 2136 482
499 2118 526 2136 v.
546 2110 574 2136 24
593 2109 747 2135 —interior
759 2110 799 2134 est
811 2107 944 2133 conscien-

300 2157 351 2183 tiae
370 2153 585 2182 remorsusibid.
606 2169 641 2172 —
659 2153 750 2179 damni
776 2155 815 2178 est
840 2159 942 2184 separa-

301 2202 337 2227 tio
356 2208 370 2226 a
389 2201 444 2226 Deo
465 2201 515 2226 442
535 2207 561 2225 v.
581 2200 596 2225 3
618 2213 651 2217 -
670 2197 761 2223 damni
779 2200 818 2223 est
836 2196 941 2222 amissio

302 2245 433 2272 societatis
452 2245 498 2270 Dei
518 2247 543 2270 et
562 2245 718 2269 Sanctorum
739 2242 764 2267 in
790 2241 873 2273 gloria
897 2248 944 2273 pa-

300 2290 379 2316 radisi
399 2290 443 2315 Vll
462 2289 513 2314 353
534 2289 568 2314 60
587 2301 623 2307 -
635 2294 727 2313 sensus
740 2286 766 2312 in
779 2286 880 2312 inferno
893 2285 943 2311 erit

299 2335 395 2367 duplex
412 2333 446 2360 ib.
460 2333 493 2359 59
507 2347 542 2353 —
554 2332 715 2358 Universitas
728 2337 872 2364 poenarum
887 2337 942 2355 cor-

300 2379 429 2411 poralium
455 2377 604 2409 intelligitur
627 2383 675 2408 per
693 2377 784 2401 fletum
803 2378 829 2401 et
847 2374 942 2401 strido-

877 950 944 975 4....

301 2431 358 2449 rem
377 2423 495 2449 dentium
514 2421 578 2448 ibid.
595 2436 630 2440 ——
650 2421 678 2446 ln
696 2420 834 2446 afflictione
853 2426 941 2451 repro-

301 2467 397 2494 borum
417 2467 549 2493 concurrit
564 2472 648 2498 poena
662 2472 725 2491 vera
739 2467 765 2490 et
777 2464 941 2496 imaginaria,

302 2513 370 2538 actio
393 2512 517 2537 naturalis
544 2514 570 2536 et
597 2509 818 2542 supernaturalis,
837 2508 941 2534 afflictio

300 2554 442 2582 *intrinseca
461 2558 487 2581 et
505 2555 663 2586 extrinseca,
688 2553 795 2586 propria
816 2556 841 2579 et
859 2553 940 2578 aliena

304 2601 349 2626 424
374 2601 408 2626 50
427 2614 462 2619 --
482 2606 575 2625 sensus
603 2591 642 2624 est
670 2599 745 2631 quasi
764 2604 832 2630 aqua
853 2598 942 2623 intem-

301 2648 392 2677 perata
411 2644 444 2670 Vl
465 2644 515 2669 626
536 2643 550 2669 4

356 2703 390 2708 --
409 2688 561 2720 temporalis
585 2690 624 2713 est
648 2689 830 2712 momentanea
857 2685 889 2710 Vl
909 2685 941 2710 39

302 2742 330 2767 q.
349 2734 364 2759 3
384 2747 419 2753 —
438 2732 578 2764 Corruptio
598 2731 623 2757 in
642 2738 694 2756 non
713 2736 771 2755 esse
789 2730 943 2761 simpliciter

302 2778 376 2811 peior
395 2780 434 2803 est
453 2783 538 2809 poena
557 2775 693 2807 temporali
714 2773 775 2800 ibid.

356 2823 524 2848 Poaru‘rewrm
550 2834 583 2838 —
611 2819 763 2846 Contrarius
790 2821 829 2844 est
856 2820 944 2844 motus

303 2866 475 2899 poenitentiae
499 2865 582 2890 motui
607 2863 720 2889 malitiae
746 2863 778 2889 Vl
805 2862 856 2887 485
880 2869 907 2887 v.
927 2863 942 2887 2

305 2924 340 2930 ·-
359 2911 442 2936 Motus
467 2908 642 2941 poenitentiae
667 2911 706 2933 est
731 2914 745 2933 a
765 2907 834 2932 malo
854 2907 881 2932 in
900 2905 944 2932 bo-

303 2962 366 2980 num
386 2953 448 2980 ibid.
466 2967 502 2973 —
521 2952 598 2979 babet
617 2952 734 2985 quinque
752 2952 872 2977 introitus
890 2950 942 2976 560

303 3006 329 3025 v.
349 3000 364 3024 2
384 3012 419 3018 -
438 2998 523 3030 Opera
542 2996 716 3029 poenitentiae
729 2999 789 3021 sunt
801 2995 943 3026 ieiunium,

303 3044 482 3074 eleemosyna,
502 3042 585 3067 oratio
604 3040 655 3066 594
669 3048 697 3066 v.
710 3041 743 3066 43
755 3053 791 3059 --
803 3040 888 3065 Homo
901 3041 944 3065 ha-

304 3087 349 3113 het
366 3087 517 3113 exercitium
536 3085 710 3118 poenitentiae
726 3091 774 3117 per
787 3084 942 3110 modestiam

305 3131 480 3164 paupertatis,
499 3131 540 3156 vel
559 3137 606 3163 per
625 3130 807 3161 eleemosynae
831 3128 943 3160 largitio-

306 3182 366 3201 nem
386 3175 437 3201 554
456 3175 472 3200 7
492 3188 526 3195 -
545 3175 584 3200 Ad
598 3174 761 3206 poenitentes
773 3176 874 3205 spectat
885 3179 943 3198 con-

304 3220 387 3250 tritio,
415 3219 559 3250 confessio,
587 3218 727 3244 satisfactio
753 3218 781 3243 34
813 3225 839 3243 v.
867 3217 882 3241 8
908 3231 943 3235 —

304 3264 378 3296 Opus
390 3267 428 3289 est
440 3270 504 3289 vere
522 3263 678 3295 poenitentis
698 3262 821 3288 detestari
838 3262 942 3293 culpam

304 3308 440 3340 propriam
458 3311 484 3334 et.
501 3308 612 3333 alienam
633 3307 675 3332 Vll
695 3307 746 3332 580
767 3306 800 3331 49
817 3320 852 3325 -
865 3305 944 3331 habet

304 3355 473 3384 peccatorum
486 3352 606 3377 omnium
619 3351 829 3377 recordationem
840 3353 867 3376 et
875 3356 944 3375 ama-

305 3396 446 3422 ritudinem
467 3396 500 3421 Vl
520 3396 571 3422 565
591 3396 606 3421 3

1173 242 1286 274 INDEX
1311 242 1438 274 RERUM

1034 344 1070 349 —
1089 332 1127 355 est
1145 330 1259 357 secunda
1274 330 1362 356 tabula
1382 333 1442 362 post
1454 331 1622 363 naufragium

982 374 1025 399 Vll
1045 375 1096 400 303
1116 375 1149 399 82
1171 388 1204 392 -
1225 374 1317 400 faciem
1337 381 1458 400 aversam
1480 375 1540 400 facit
1562 382 1624 401 con-

982 418 1048 443 verti
1067 417 1119 444 434
1138 418 1172 443 27
1191 432 1226 437 -
1245 419 1293 443 Per
1311 419 1498 450 poenitentiam
1515 418 1622 445 debitus

981 464 1064 488 honor
1077 462 1195 488 redditur
1213 463 1318 488 divinae
1331 463 1472 494 maiestati,
1486 465 1623 494 reparatur

982 513 1108 533 numerus
1121 507 1248 538 caelestis,
1261 509 1287 532 et
1299 510 1470 539 recuperatur
1484 507 1570 533 unitas
1583 514 1622 533 ec·

980 551 1139 577 clesiasticae
1158 551 1231 583 pacis
1250 551 1299 576 389
1321 552 1354 576 20

1034 611 1069 614 -
1088 596 1173 621 Homo
1187 595 1266 621 debet
1278 595 1376 621 habere
1389 595 1575 628 poenitentiam
1589 595 1623 621 de

981 641 1057 673 culpa
1078 641 1111 665 Vl
1131 640 1182 666 557
1207 647 1234 666 v.
1255 640 1288 666 42
1308 654 1342 659 —
1361 643 1400 665 est
1424 640 1569 666 necessaria
1588 640 1621 666 ad

981 685 1183 711 satisfactionem
1197 685 1357 716 condignam
1371 685 1414 710 Vll
1433 684 1467 710 74
1483 684 1515 710 47
1531 698 1563 702 -
1578 691 1622 709 ne-

981 729 1093 755 cessaria
1112 732 1151 755 est
1176 729 1210 754 ad
1229 729 1380 754 evitandam
1406 735 1519 760 poenam
1545 729 1622 760 spiri—

981 774 1077 799 tualem
1097 776 1121 798 et
1145 773 1318 805 gehennalem
1346 773 1396 799 338
1417 773 1443 798 9.
1462 773 1513 798 339
1535 773 1567 798 43
1586 786 1622 792 -

981 819 1030 851 Qui
1051 825 1132 850 opera
1150 817 1324 849 poenitentiae
1343 817 1479 849 negligunt
1497 817 1622 849 peribunt

981 869 1042 888 cum
1061 862 1175 894 peccatis
1199 862 1253 887 suis
1279 862 1330 887 338
1351 862 1366 886 9
1387 876 1421 880 —
1440 861 1622 887 Comminatur

981 907 1100 933 divinum
1122 906 1247 932 iudicium
1276 906 1314 931 eis
1338 906 1384 938 qui
1403 906 1540 937 negligunt
1558 913 1622 938 poe-

981 951 1116 977 nitentiam
1135 957 1213 982 agere
1233 950 1284 976 339
1307 950 1339 975 42
1358 963 1394 969 --
1412 951 1440 975 ln
1459 950 1568 975 ficulnea
1588 950 1622 975 in·

981 998 1113 1022 fructuosa
1135 995 1264 1027 figuratur
1291 995 1395 1025 anima,
1421 1001 1490 1027 quae
1513 994 1622 1026 negligit

982 1040 1166 1072 poenitentiam
1186 1038 1221 1066 z‘b.
1241 1039 1268 1064 41

1034 1099 1068 1104 -
1093 1084 1212 1110 Christus
1237 1090 1285 1109 nos
1314 1083 1404 1109 invitat
1428 1083 1461 1109 ad
1487 1083 1622 1115 poeniten-

981 1130 1043 1155 tiam
1072 1129 1115 1154 Vll
1139 1129 1173 1154 90
1200 1128 1216 1153 7
1238 1141 1271 1146 —-
1291 1127 1412 1160 Quinque
1437 1127 1622 1153 consideratio-

980 1180 1028 1200 nes
1051 1175 1158 1199 movent
1177 1172 1296 1198 infirmos
1321 1172 1354 1197 ad
1374 1171 1560 1203 poenitentiam
1587 1171 1620 1196 Vl

956 1217 958 1219 ’
981 1218 1033 1244 304
1065 1218 1098 1243 42
1126 1232 1161 1236 -
1188 1216 1325 1242 poenitens
1350 1216 1517 1242 considerare
1542 1215 1622 1241 debet

979 1266 1081 1289 reatum
1102 1261 1215 1294 peccati,
1235 1268 1289 1294 quo
1308 1267 1336 1286 se
1356 1259 1483 1292 obligavit
1508 1260 1541 1286 ad
1561 1267 1622 1292 poe·

980 1314 1041 1333 nam
1061 1306 1096 1334 ib.
1112 1307 1145 1332 43
1158 1320 1194 1325 -
1206 1306 1286 1331 Dolor
1304 1305 1479 1337 poenitentiae
1495 1305 1577 1330 oritur
1590 1312 1620 1330 ex

980 1352 1087 1378 scientia
1107 1351 1140 1377 20
1160 1350 1178 1376 b

1033 1411 1068 1414 —
1096 1392 1272 1421 poenitentiae
1299 1396 1373 1419 actus
1400 1396 1461 1419 sunt
1491 1393 1567 1418 dolor
1595 1393 1621 1418 in

979 1441 1072 1471 corde,
1092 1439 1221 1466 confessio
1240 1439 1266 1464 in
1286 1445 1331 1464 ore
1351 1441 1376 1464 et
1395 1438 1511 1464 ostensio
1529 1437 1622 1463 utrius-

979 1492 1032 1518 que
1051 1485 1076 1510 in
1106 1491 1187 1516 opere
1211 1484 1245 1509 Vl
1271 1483 1322 1509 228
1343 1490 1368 1508 v.
1389 1484 1404 1508 2
1423 1496 1460 1502 ·--
1478 1483 1504 1508 ln
1532 1482 1621 1508 anima

980 1529 1130 1562 poenitente
1147 1527 1229 1555 debet
1247 1535 1305 1554 esse
1318 1527 1419 1560 pudor,
1439 1527 1517 1553 timor
1537 1529 1562 1552 et
1574 1526 1622 1552 do-

980 1575 1019 1600 lor
1038 1574 1081 1599 Vll
1105 1573 1153 1598 183
1179 1573 1212 1597 66
1231 1587 1267 1590 -
1286 1572 1311 1597 ln
1331 1572 1481 1604 poenitente-
1505 1573 1621 1603 perfecto

980 1618 1060 1644 debet
1078 1624 1135 1643 esse
1154 1617 1229 1643 dolor
1242 1624 1272 1642 ex
1291 1616 1498 1642 consideratione
1515 1616 1621 1641 divinae

980 1662 1108 1694 offensae,
1120 1661 1198 1687 timor
1211 1668 1242 1686 ex
1255 1660 1462 1686 consideratione
1475 1660 1619 1691 vindictae,

980 1706 1067 1738 pudor
1086 1706 1111 1732 in
1127 1705 1335 1742 consideratione
1348 1704 1470 1737 sequelae
1488 1704 1545 1729 sive
1563 1704 1620 1729 vili-

981 1751 1040 1776 tatis
1058 1757 1122 1776 suae
1141 1750 1192 1775 259
1212 1749 1246 1774 23
1260 1762 1295 1768 --
1315 1749 1363 1774 Sex
1383 1751 1444 1774 sunt
1457 1748 1621 1774 conditiones

980 1802 1060 1821 verae
1080 1794 1254 1827 poenitentiae
1273 1793 1323 1818 484
1342 1793 1377 1818 70
1398 1807 1432 1811 -
1450 1793 1516 1818 Tres
1534 1792 1621 1824 poeni—

981 1840 1074 1866 tentiae
1098 1842 1185 1871 partes
1204 1837 1372 1870 spiritualiter
1390 1837 1569 1868 intelliguntur
1595 1836 1619 1862 in

980 1884 1063 1910 tribus
1083 1882 1237 1909 mulieribus
1255 1889 1271 1907 a
1295 1881 1408 1907 Domino
1429 1880 1620 1906 commendatis

980 1931 1087 1961 propter
1106 1928 1185 1953 fidem
1210 1927 1262 1952 242
1282 1926 1315 1951 86
1335 1940 1369 1945 -—-
1388 1926 1427 1951 Ad
1446 1932 1537 1951 veram
1558 1932 1620 1957 poe-

979 1973 1112 1998 nitentiam
1132 1971 1278 1998 necessaria
1297 1973 1337 1996 est
1352 1970 1509 1996 abstinentia
1525 1973 1553 1995 et
1565 1976 1620 1995 ora-

979 2017 1057 2043 tionis
1070 2016 1205 2047 instantia,
1225 2022 1272 2048 per
1289 2022 1358 2048 quae
1379 2014 1538 2040 mundamur
1550 2014 1620 2040 intus

978 2066 1004 2088 et
1022 2065 1093 2088 extra
1113 2060 1165 2087 294
1184 2060 1218 2086 52

1031 2120 1066 2126 -
1085 2106 1113 2131 1η
1137 2104 1296 2137 poenitentia
1321 2106 1360 2129 est
1378 2103 1470 2129 effusio
1493 2103 1619 2135 laeryma-

979 2158 1038 2177 rum
1056 2158 1106 2183 pro
1119 2150 1260 2176 amissione
1273 2154 1449 2181 supernorum
1465 2147 1496 2172 Vl
1513 2146 1565 2173 304
1585 2147 1618 2173 42

980 2210 1013 2213 -
1032 2194 1207 2220 Poenitentiae
1226 2193 1350 2226 perfectio
1376 2191 1493 2218 consistit
1511 2191 1536 2216 in
1555 2191 1619 2217 ami-

978 2240 1063 2266 ctione
1082 2244 1107 2265 et
1126 2238 1215 2264 labore
1234 2237 1364 2270 corporali
1383 2239 1409 2262 et
1427 2235 1573 2262 humilitate
1594 2238 1620 2261 et

978 2285 1081 2316 pudore
1100 2284 1203 2309 mentali
1222 2283 1266 2309 Vll
1287 2282 1338 2308 405
1358 2281 1374 2307 5
1392 2293 1428 2300 -—
1446 2280 1619 2306 Poenitentiae

978 2330 1077 2355 fructus
1090 2328 1207 2354 consistit
1228 2327 1254 2353 in
1276 2326 1437 2352 resecatione
1456 2325 1619 2357 superfluita-

979 2373 1023 2404 tis,
1051 2372 1250 2398 mortificatione
1275 2371 1361 2396 carnis
1383 2373 1409 2396 et
1436 2369 1624 2406 purificatione

978 2417 1073 2443 mentis
1093 2417 1139 2443 344
1165 2417 1197 2442 48
1211 2430 1246 2435 -
1264 2415 1367 2447 Corpus
1386 2421 1434 2447 per
1452 2414 1576 2440 virtutem
1594 2416 1620 2438 et

977 2468 1057 2494 opera
1077 2461 1251 2494 poenitentiae
1267 2459 1442 2492 redigendum
1461 2461 1501 2485 est
1519 2458 1547 2484 in
1565 2465 1619 2484 ser-

978 2506 1088 2532 vitutem
1109 2506 1141 2531 Vl
1159 2506 1205 2531 444
1229 2513 1255 2531 v.
1276 2506 1286 2530 4
1305 2518 1339 2524 -
1353 2504 1412 2530 facit
1430 2506 1499 2530 stare
1512 2509 1527 2528 a
1540 2503 1618 2534 longe

978 2558 1026 2583 per
1048 2550 1221 2576 humilitatem
1249 2549 1373 2582 propriae
1400 2547 1567 2579 abiectionis,
1587 2547 1619 2572 le-

979 2602 1042 2621 vare
1070 2601 1164 2620 vocem
1192 2601 1240 2626 per
1259 2593 1462 2619 amaritudinem
1491 2598 1620 2623 compun-

978 2640 1084 2671 ctionis,
1097 2642 1187 2671 petere
1202 2638 1339 2664 sanitatem
1360 2644 1407 2669 per
1426 2636 1549 2662 fiduciam
1563 2642 1618 2661 ora-

979 2684 1056 2710 tionis
1080 2684 1123 2709 Vll
1150 2683 1200 2709 434
1225 2683 1259 2708 27
1278 2696 1313 2701 -
1333 2683 1359 2708 ln
1380 2681 1529 2713 poenitente
1555 2680 1617 2706 nihil

980 2729 1064 2760 placet
1081 2731 1182 2753 tantum
1202 2728 1256 2752 Deo
1274 2729 1402 2759 quantum
1422 2725 1529 2751 humilis
1547 2732 1619 2750 vere-

979 2773 1074 2798 cundia
1094 2772 1145 2797 455
1165 2772 1193 2797 24

1032 2831 1067 2835 -—
1086 2816 1146 2842 Pius
1160 2815 1287 2841 Dominus
1299 2814 1486 2847 poenitentiam
1501 2816 1617 2839 nostram

979 2863 1111 2893 exspectat
1139 2860 1266 2893 patienter
1293 2860 1337 2885 Vll
1361 2859 1413 2884 326
1442 2859 1476 2884 57
1495 2871 1529 2876 —
1548 2858 1619 2883 Deus

967 2906 1091 2939 *puniens
1110 2908 1262 2938 peccatores
1279 2905 1325 2930 dat
1337 2905 1423 2930 locum
1444 2903 1618 2935 poenitentiae

980 2951 1013 2976 Vl
1034 2951 1084 2976 489
1103 2957 1129 2975 v.
1150 2950 1183 2975 49
1202 2964 1237 2967 -
1256 2949 1326 2974 Deus
1348 2950 1480 2980 exspectat
1497 2950 1618 2979 peccato-

979 3002 1021 3021 res
1040 2995 1073 3021 ad
1093 2993 1278 3027 poenitentiam
1298 2991 1359 3019 ibid.
1378 3005 1414 3011 -
1433 2992 1503 3018 Deus
1521 2991 1567 3017 dat
1584 2991 1618 3017 lo-

979 3046 1041 3065 cum
1069 3038 1257 3071 poenitentiae,
1286 3039 1314 3062 ut
1332 3035 1492 3069 quibusdam
1521 3035 1618 3068 punitis

980 3084 1022 3109 alii
1041 3083 1205 3115 corrigantur
1219 3081 1269 3106 486
1282 3088 1309 3106 v.
1324 3081 1356 3105 40
1369 3093 1404 3099 -
1416 3080 1473 3105 Non
1486 3080 1534 3105 erit
1546 3079 1619 3105 locus

980 3127 1153 3160 poenitentiae
1172 3129 1232 3158 post
1250 3128 1360 3151 mortem
1381 3124 1432 3149 304
1454 3124 1485 3149 43
1505 3137 1540 3143 -
1560 3124 1620 3149 Post

980 3178 1117 3204 egressum
1137 3171 1170 3197 de
1195 3172 1245 3196 hoc
1264 3168 1364 3195 mundo
1388 3175 1441 3194 non
1461 3170 1540 3194 restat
1560 3174 1619 3200 poe-

981 3216 1102 3242 nitentiae
1115 3216 1188 3241 locus
1208 3214 1257 3239 489
1273 3221 1299 3239 v.
1319 3213 1350 3238 49
1361 3225 1397 3232 -
1411 3212 1485 3238 Vitae
1503 3212 1617 3244 spatium

979 3264 1018 3286 est
1037 3263 1141 3292 tempus
1159 3258 1333 3291 poenitentiae
1352 3256 1385 3283 ib.
1405 3257 1438 3283 20
1451 3256 1619 3282 -’[)εηπιειί

980 3304 1165 3337 poenitentiam
1185 3305 1277 3334 agent,
1295 3301 1342 3327 sed
1363 3301 1464 3327 tardam
1485 3301 1536 3326 438
1556 3308 1582 3326 ν.
1602 3301 1618 3326 2

1033 3361 1069 3368 -
1093 3348 1177 3374 Locus
1202 3345 1376 3379 poenitentiae
1394 3352 1446 3371 non
1471 3348 1511 3371 est
1534 3344 1619 3371 dimit·

980 3393 1074 3419 tendus
1100 3392 1132 3418 Vl
1159 3392 1187 3417 84
1212 3398 1238 3416 v.
1258 3390 1272 3415 4
1293 3403 1327 3408 -
1345 3389 1431 3415 crucis
1455 3388 1536 3415 debet
1559 3394 1618 3415 esse

1946 289 2008 315 POE

1658 338 1764 364 semper
1791 339 1859 358 nova
1879 335 1904 359 et
1928 340 2018 359 recens
2043 334 2094 360 228
2113 333 2147 358 38
2168 347 2202 352 -
2221 339 2296 358 amor

1659 376 1835 408 poenitentiae
1854 377 1926 402 omni
1951 378 1994 403 die
2013 377 2090 403 debet
2113 377 2137 402 in
2161 376 2239 402 nobis
2257 377 2297 402 in-

1658 420 1750 445 novari
1770 420 1812 446 Vll
1833 420 1883 445 573
1904 421 1937 446 30

1713 478 1747 482 —
1760 464 1844 489 Homo
1857 471 1909 489 non
1923 467 2009 496 potest
2020 465 2150 497 complete
2162 465 2297 497 poenitere

1659 514 1706 539 per
1724 514 1753 533 se
1777 508 1834 534 sine
1852 508 1899 533 Dei
1925 509 2021 535 auxilio
2039 510 2073 535 Vl
2102 510 2152 535 229
2171 516 2198 534 v.
2218 508 2234 534 4
2261 522 2298 527 —

1659 552 1684 577 ln
1704 551 1863 583 poenitentia
1882 552 2033 578 violentiam
2056 552 2106 578 sibi
2125 553 2184 578 facit
2202 553 2298 584 homo,

1658 602 1726 628 quae
1739 596 1841 621 excedit
1853 596 1976 622 virtutem
1987 597 2130 623 naturalem
2141 597 2186 623 Vll
2198 597 2225 622 44
2234 596 2248 622 4
2262 597 2291 622 34

1712 654 1748 659 -
1766 639 1847 666 Cibus
1863 640 2039 672 poenitentiae
2053 644 2091 667 est
2110 640 2233 667 omnibus
2246 648 2299 667 me-

1658 684 1776 710 dicinalis
1788 684 1844 710 sive
1862 685 1998 710 sanativus
2011 685 2086 711 cibus
2104 685 2296 717 aegrotantium

1659 729 1692 755 Vl
1712 729 1763 755 557
1783 730 1798 754 3
1818 743 1853 748 —
1872 729 1947 754 Panis
1966 730 2141 762 poenitentiae
2159 729 2241 756 reficit
2259 736 2298 755 re-

1658 776 1789 799 vertentes
1808 773 1842 799 ad
1870 774 1953 799 Deum
1978 773 2030 799 565
2056 775 2071 799 2
2091 788 2126 792 —-—
2149 777 2188 800 est
2207 774 2297 806 panis,

1658 817 1720 850 quia
1740 816 1819 842 habet
1846 818 2029 848 refectionem,
2058 820 2097 843 est
2120 818 2296 851 hordeaceus,

1659 862 1720 894 quia
1740 861 1819 887 habet
1831 863 1998 894 asperitatem
2018 861 2054 888 ib.
2072 863 2087 887 3
2101 877 2136 880 —
2148 862 2232 888 reficit
2248 862 2299 894 spi-

1659 907 1737 932 ritum
1757 909 1782 932 et
1801 910 1917 932 macerat
1940 913 2046 932 carnem
2066 905 2128 932 ibid.
2148 920 2182 926 —
2201 902 2298 938 signin-

1658 954 1731 976 catur
1754 958 1802 983 per
1825 957 1922 983 panem
1949 950 2153 976 subcinericium
2181 950 2244 977 ibid.
2263 964 2299 970 —

1658 998 1697 1020 est
1716 995 1792 1026 panis
1810 995 1911 1027 spiritui
1931 997 1957 1020 et
1976 995 2079 1026 gladius
2097 995 2168 1020 carni
2187 993 2249 1021 ibid.

1711 1053 1747 1058 —
1757 1039 1804 1065 Per
1815 1038 2010 1065 tribulationum
2022 1039 2210 1065 amaritudines
2220 1042 2300 1065 trans-

1658 1084 1730 1109 vehit
1749 1083 1868 1109 navicula
1889 1083 2075 1115 poenitentiae⁷
2094 1083 2122 1109 in
2146 1090 2199 1116 qua
2218 1085 2298 1109 homo

1657 1129 1773 1154 salvatur
1798 1128 1831 1153 Vl
1855 1128 1906 1153 323
1932 1128 1965 1153 32
1984 1141 2020 1146 -
2038 1131 2207 1159 eomparatur
2232 1128 2298 1154 mari

1658 1173 1709 1198 623
1728 1179 1756 1198 v.
1776 1173 1786 1197 4
1810 1186 1846 1191 -
1864 1172 2003 1197 Prostratio
2028 1172 2246 1197 vestimentorum
2272 1172 2298 1198 in

1658 1217 1699 1242 via
1714 1217 1843 1249 significat
1855 1216 2083 1242 mortificationem
2097 1216 2182 1242 carnis
2195 1216 2220 1242 in
2238 1223 2300 1248 poe-

1657 1261 1763 1287 nitentia
1783 1260 1834 1287 594
1854 1268 1881 1286 ν.
1901 1261 1933 1286 43
1952 1274 1989 1279 -
2007 1260 2049 1286 via
2069 1263 2108 1286 est
2126 1259 2189 1286 ibid.
2201 1274 2238 1280 —
2251 1260 2300 1287 De-

1657 1312 1766 1332 scensus
1783 1305 1809 1331 in
1828 1305 1956 1337 piscinam
1975 1305 2105 1337 significat
2124 1304 2298 1332 humilitatem

1657 1349 1833 1382 poenitentiae
1853 1349 1904 1374 305
1926 1348 1957 1374 44
1970 1363 2005 1367 -
2017 1349 2064 1374 Per
2077 1349 2184 1375 Mariam
2198 1349 2300 1381 ploran-

1658 1398 1710 1420 tem
1741 1394 1919 1426 inteiliguntur
1949 1393 2113 1425 poenitentes
2137 1393 2183 1418 604
2211 1400 2238 1418 v.
2265 1393 2298 1419 23

1656 1453 1692 1458 -
1711 1439 1875 1464 poenitentes
1900 1438 2079 1469 intelliguntur
2104 1444 2151 1470 per
2169 1438 2297 1463 Lazarum

1658 1483 1710 1508 592
1729 1490 1757 1508 v.
1775 1483 1791 1508 5

1710 1542 1746 1546 -
1764 1527 1881 1554 Christus
1899 1526 1947 1552 fuit
1970 1526 2067 1552 missus
2084 1525 2280 1558 poenitentibus
2291 1545 2299 1557 ‚

1657 1575 1686 1598 ut
1704 1573 1881 1598 relevarentur
1900 1578 1915 1597 a
1928 1571 2004 1603 culpa
2022 1571 2057 1596 Vl
2077 1570 2129 1596 574
2148 1571 2164 1596 2
2177 1584 2213 1590 -
2225 1569 2300 1598 Chri-

1657 1620 1713 1643 stus
1731 1624 1746 1642 a
1765 1616 1834 1642 malo
1854 1616 1947 1648 culpae
1968 1616 2052 1641 salvat
2069 1615 2232 1647 poenitentes
2245 1614 2299 1641 557

1657 1669 1684 1687 v.
1712 1661 1746 1687 42
1774 1675 1808 1679 -
1835 1661 1999 1686 Poenitentes
2026 1662 2152 1686 sanantur
2183 1659 2299 1686 videndo

1657 1705 1789 1732 Christum
1807 1705 1950 1737 patientem
1971 1705 2022 1730 628
2043 1704 2058 1729 3
2077 1718 2113 1722 -
2131 1704 2180 1729 Per
2199 1703 2300 1729 humili-

1657 1753 1735 1776 tatem
1749 1749 1925 1781 poenitentiae
1939 1751 2061 1781 peccator
2073 1751 2180 1774 sanatur
2198 1748 2250 1774 305
2265 1747 2298 1774 44

1656 1807 1691 1814 -
1713 1794 1811 1819 Omnes
1838 1800 1881 1819 res
1908 1793 1942 1819 ad
1970 1793 2106 1819 sanitatem
2135 1793 2298 1825 spiritualem

1656 1841 1717 1864 sunt
1728 1837 1886 1864 reducibiles
1899 1844 1947 1869 per
1959 1837 2146 1870 poenitentiam
2158 1837 2209 1863 447
2222 1844 2248 1863 v.
2264 1837 2297 1863 44

1658 1897 1691 1901 -
1704 1882 1817 1908 salvatio
1836 1884 1875 1908 est
1888 1888 1935 1914 per
1951 1881 2109 1907 medicinam
2122 1881 2297 1914 poenitentiae

1657 1927 1685 1952 84
1709 1934 1735 1952 v.
1756 1926 1771 1952 4
1790 1942 1825 1945 -
1844 1927 1914 1952 Deus
1932 1933 1985 1952 non
2005 1925 2094 1952 abiicit
2118 1926 2297 1960 poenitentes,

1656 1971 1703 1997 sed
1722 1971 1810 2003 potius
1829 1973 1946 2003 acceptat
1966 1971 1982 1996 8
2001 1978 2028 2003 q.
2049 1970 2064 1996 4

1709 2029 1745 2035 —
1760 2015 1794 2041 ad
1808 2014 1931 2047 baptismi
1945 2014 2085 2047 puritatem
2099 2016 2209 2040 conatur
2221 2014 2298 2041 redu·

1656 2066 1716 2086 cere
1736 2059 1778 2086 Vll
1793 2059 1844 2085 396
1863 2059 1897 2085 37
1909 2073 1945 2078 —-
1959 2059 2007 2084 Per
2025 2058 2213 2090 poenitentiam
2227 2058 2297 2084 Deus

1657 2104 1790 2130 hominem
1811 2105 1908 2136 purgat
1920 2103 1953 2129 Vl
1973 2102 2024 2129 447
2044 2103 2059 2128 3
2078 2117 2114 2121 -
2133 2102 2223 2128 brevis
2234 2101 2297 2129 obli—

1656 2149 1762 2174 vionem
1777 2148 1837 2174 facit
1854 2147 1943 2180 magni
1957 2147 2058 2179 peccati
2077 2147 2107 2173 84
2129 2154 2158 2173 v.
2172 2146 2187 2172 4
2198 2160 2235 2166 -
2247 2147 2296 2172 Per

1653 2193 1772 2219 dolorem
1800 2192 1976 2225 poenitentiae
2002 2191 2144 2217 mundatur
2167 2191 2296 2223 templum

1654 2237 1758 2263 animae
1785 2237 1837 2262 550
1866 2237 1899 2263 40
1926 2251 1962 2255 -—
1986 2236 2045 2262 facit
2073 2235 2233 2261 reviviscere
2251 2235 2296 2262 Vll

1656 2282 1707 2307 398
1728 2282 1755 2307 41

1708 2333 1815 2352 —non
1833 2326 1918 2352 solum
1943 2327 2083 2357 recuperat
2108 2324 2223 2356 perdita,
2247 2323 2296 2350 sed

1655 2370 1733 2396 etiam
1754 2370 1835 2396 multo
1855 2370 1929 2402 plura
1957 2370 2081 2401 impetrat
2099 2375 2114 2394 a
2142 2368 2238 2400 pietate
2256 2368 2297 2394 di-

1656 2415 1716 2441 vina
1736 2415 1779 2440 Vll
1798 2415 1850 2440 389
1871 2415 1902 2439 49
1922 2428 1958 2433 -
1978 2413 2029 2446 Qui
2041 2420 2090 2445 per
2108 2412 2295 2445 poenitentiam

1656 2462 1753 2491 purgat
1770 2466 1799 2485 se
1822 2466 1836 2484 a
1856 2458 1926 2484 vitiis
1951 2457 2157 2484 misericordiam
2177 2456 2228 2482 sibi
2247 2457 2296 2483 im-

1656 2503 1747 2536 pendit
1775 2504 1825 2529 303
1856 2504 1889 2528 88
1909 2516 1944 2522 -
1962 2502 2159 2535 appropinquat
2185 2508 2233 2527 nos
2261 2501 2295 2527 ad

1657 2548 1740 2574 Deum
1761 2547 1811 2573 488
1826 2547 1860 2573 44
1878 2561 1913 2565 -
1932 2547 1980 2573 Per
1999 2546 2187 2578 poenitentiam
2206 2545 2295 2577 dirigi-

1657 2595 1698 2618 tur
1710 2592 1753 2618 via
1766 2591 1911 2624 peccatoris
1924 2591 1959 2617 ad
1971 2591 2114 2616 Dominum
2141 2590 2174 2615 Vl
2194 2589 2245 2615 257
2260 2589 2294 2616 49

1708 2651 1743 2655 -
1762 2636 1925 2662 Poenitentes
1943 2634 2040 2661 debent
2061 2634 2153 2660 videre
2169 2634 2295 2660 amictum

1657 2681 1834 2711 Salvatorem‚
1854 2682 1883 2705 ut
1900 2682 2007 2705 sanetur
2026 2679 2164 2704 infirmitas
2187 2677 2297 2705 carnali-

1656 2725 1727 2755 tatis,
1747 2724 1908 2750 Salvatorem
1928 2730 2057 2755 egenum,
2083 2725 2111 2748 ut
2129 2725 2236 2748 sanetur
2260 2722 2296 2747 in-

1656 2769 1764 2794 flrmitas
1783 2768 1946 2800 cupiditatis,
1965 2768 2129 2793 salvatorem
2147 2766 2296 2798 abiectum,

1656 2816 1684 2839 ut
1702 2815 1808 2839 stinetur
1826 2811 1962 2837 infirmitas
1981 2810 2132 2837 ambitionis
2154 2811 2186 2836 Vl
2206 2810 2258 2836 629
2278 2810 2293 2835 9

1654 2872 1690 2877 -
1710 2857 1780 2883 Deus
1798 2859 1908 2889 apparet
1929 2855 2121 2882 revertentibus
2145 2847 2194 2887 per
2213 2860 2295 2887 opera

1655 2901 1830 2934 poenitentiae
1852 2900 1904 2926 623
1924 2901 1939 2926 3
1958 2914 1994 2918 -
2012 2899 2177 2926 Poenitentes
2197 2899 2296 2925 faciunt

1656 2946 1768 2972 Domino
1786 2944 1939 2971 convivium
1959 2944 2005 2970 444
2030 2945 2045 2969 9

1707 3004 1743 3008 -
1761 2989 1899 3015 poenitens
1917 2995 1997 3014 verus
2010 2995 2145 3021 nunquam
2165 2986 2296 3014 oblivisci-

1656 3037 1698 3060 tur
1716 3040 1796 3060 suum
1815 3035 1953 3065 peccatum
1973 3032 2015 3057 Vll
2042 3031 2092 3057 396
2113 3032 2146 3057 36
2165 3045 2201 3051 -
2219 3032 2296 3057 anhe-

1656 3079 1690 3104 lat
1709 3078 1741 3104 ad
1770 3077 1903 3104 caritatem
1932 3077 2075 3108 perfectam
2102 3074 2164 3101 ibid.
2189 3088 2224 3094 —
2241 3081 2295 3101 non

1657 3122 1721 3154 petit
1740 3121 1905 3147 dilectionem
1919 3119 2118 3150 mercenariam,
2133 3118 2240 3152 quando
2253 3119 2296 3144 ha-

1657 3166 1700 3192 het
1720 3166 1831 3198 gratiam
1859 3165 1973 3191 infusam
1996 3163 2059 3190 ibid.
2079 3177 2113 3182 —
2132 3164 2209 3195 plene
2237 3169 2296 3188 con-

1656 3218 1750 3237 versus
1768 3209 1937 3236 commendat
1953 3211 1980 3235 et
1997 3208 2112 3241 postulat
2129 3207 2240 3240 gratiam
2259 3206 2296 3232 di-

1656 3256 1744 3281 vinam
1763 3253 1825 3281 ibid.

1711 3313 1744 3318 --
1763 3298 1803 3324 Ad
1821 3299 2020 3324 Sacramentum
2039 3295 2216 3329 poenitentiae
2234 3300 2296 3327 per-

1656 3344 1722 3370 fecte
1739 3341 1920 3375 recipiendum
1939 3344 2054 3374 quatuor
2071 3338 2219 3366 necessario
2234 3345 2296 3364 con-

1655 3389 1764 3414 currunt
1782 3386 1825 3413 Vll
1845 3386 1895 3413 423
1915 3385 1949 3410 38
