2476 3921
319 265 382 298 380

152 363 305 392 Orandnmvro
319 357 402 385 tuam
427 360 532 384 coram
558 349 689 382 Domino
705 361 736 380 ».
761 347 840 379 Haec
858 345 969 388 legatio
992 344 1144 377 mittenda
1159 347 1207 377 est
1223 353 1281 386 pro

193 390 270 410 ‘nm'
318 405 500 448 repellenda
519 412 638 446 puyna
655 400 891 437 tentationum,
915 407 997 441 quae
1014 398 1146 431 veniunt
1169 406 1187 430 3
1206 407 1281 440 reye

317 458 509 501 superbiae;
533 457 615 489 sicut
639 455 748 487 orabat
773 454 903 491 Paulus,
927 452 965 485 de
982 461 1046 494 quo
1070 451 1226 484 secundae
1242 450 1281 483 ad

318 511 495 545 Corinthios
525 508 752 542 dnodecimo¹x
790 519 806 535 α
826 506 926 538 Datus
953 509 1001 538 est
1030 504 1108 537 mihi
1133 504 1281 536 stimulus

319 564 422 597 carnis
454 572 555 601 meae,
588 562 718 604 angelus
746 562 890 597 satanae,
922 558 978 601 qui
1008 567 1059 590 me
1091 557 1279 598 colaphizet;

319 621 446 659 propter
470 615 553 658 quod
586 619 634 647 ter
665 613 832 646 Dominum
858 611 965 653 rogavi
989 624 1004 639 »
1033 613 1092 643 etc.
1119 628 1160 633 —
1186 610 1280 648 Item,

318 670 468 703 mittenda
491 672 538 701 est
563 668 638 700 haec
664 667 776 709 legatIo
799 675 858 708 pro
880 664 1068 707 repellenda
1089 672 1207 706 puyna
1231 663 1281 695 di-

319 724 477 756 vinarunz
502 720 794 762 disceptationum,
819 727 900 760 quae
925 717 1010 750 venit
1034 726 1052 749 a
1082 726 1157 759 re9e
1185 716 1281 748 iusti-

319 777 402 815 tiae,
426 776 507 808 sicut
530 774 640 807 orabat
665 773 818 814 Propheta
849 772 881 804 in
906 771 1069 804 Psalm02:
1100 783 1116 799 «
1136 770 1201 802 Non
1233 769 1280 802 in-

319 834 383 862 tres
406 830 437 861 in
462 828 612 861 iudicium
637 836 710 860 cum
734 835 827 859 servo
850 829 921 863 tuo,
946 824 1094 863 Domine,
1119 824 1194 866 quia
1217 832 1279 856 non

320 882 541 915 iustificabitur
572 881 603 913 in
633 884 803 922 conspectu
836 882 891 911 tuo
914 877 1016 911 omnis
1048 877 1156 910 vivens
1177 890 1192 905 »
1221 880 1279 909 313.

320 954 361 959 -
378 935 526 968 Μ111311113
549 934 642 967 etiam
666 936 713 966 est
737 932 924 975 legatiopro
948 930 1133 973 repellenda
1161 939 1282 973 puyna

320 988 591 1025 tribulationum,
616 995 697 1028 quae
714 986 799 1018 venit
814 995 833 1017 a
853 995 928 1027 reye
949 984 1197 1027 providentiae,
1222 984 1282 1017 sic-

320 1046 353 1074 ut
384 1041 493 1074 orabat
524 1041 612 1073 Ionas
644 1040 732 1072 Ionae
757 1038 936 1072 secund0³:
967 1051 982 1067 (ι
999 1038 1108 1070 Oravit
1132 1038 1220 1070 Ionas
1243 1037 1282 1069 ad

321 1095 487 1128 Dominum
507 1094 605 1126 Deum
630 1102 725 1126 suum
752 1092 790 1125 de
814 1095 906 1124 utero
934 1091 1028 1134 piscis
1052 1094 1083 1124 et
1101 1090 1283 1128 dixitzCla-

320 1149 400 1181 mavi
425 1147 463 1180 ad
488 1147 655 1180 Dominum
677 1146 715 1179 de
739 1146 941 1178 tribulatione
958 1154 1041 1183 mea,
1066 1148 1097 1177 et
1120 1144 1284 1177 exaudivit

170 1211 298 1233 Notandum.
320 1211 369 1234 me
385 1215 415 1233 ».
442 1219 486 1224 —-
510 1200 556 1232 Ex
580 1209 644 1242 quo
668 1199 836 1241 colligitur,
860 1198 945 1240 quod
969 1197 1176 1230 consideratio
1200 1197 1284 1239 peri-

320 1255 380 1288 culi
398 1255 516 1287 excitat
539 1253 577 1285 ad
594 1252 848 1295 procurationem
873 1251 1018 1289 remedii;
1036 1250 1120 1283 unde
1136 1250 1243 1283 Glossa
1254 1251 1282 1282 ⁴:

325 1322 340 1337 α
356 1309 417 1341 Νο5
448 1307 623 1349 fragilitatis
647 1309 773 1338 nostrae
796 1304 1048 1338 insufficientiam
1073 1303 1283 1343 attendentes,

319 1362 358 1394 ad
381 1360 610 1403 impetrandam
628 1359 729 1392 severi
753 1358 866 1391 iudicis
890 1367 998 1400 pacem
1018 1357 1171 1390 debemus
1194 1366 1285 1399 prae-

321 1416 445 1448 mittere
462 1413 645 1456 legationem
672 1413 898 1454 lacrymarum‚
923 1412 1079 1444 bonorum
1103 1420 1236 1453 operum
1254 1413 1285 1443 et

321 1476 474 1509 purarum
498 1466 698 1499 affectionum
716 1478 746 1496 ».
772 1464 841 1497 Ideo
865 1464 981 1497 dicitur
1007 1463 1210 1497 Ecclesiastici
1231 1463 1285 1496 de-

321 1521 401 1554 cimo
433 1520 587 1553 octavo⁵:
618 1532 633 1547 «
650 1520 726 1551 Ante
750 1519 933 1560 languorem
957 1517 1070 1550 adhibe
1098 1517 1284 1550 medicinam

321 1577 352 1607 et
375 1577 447 1606 ante
463 1572 615 1605 iudicium
640 1572 800 1614 interroga
816 1574 846 1604 te
870 1571 993 1613 ipsum,
1018 1574 1049 1604 et
1066 1571 1097 1603 in
1114 1573 1285 1612 conspectu

321 1626 376 1659 Dei
400 1625 540 1658 invenies
560 1624 822 1667 propitiationem.
848 1625 925 1657 Ante
942 1624 1127 1666 languorem
1153 1622 1286 1656 humilia

322 1683 352 1713 te
375 1683 406 1712 et
430 1680 461 1712 in
486 1683 628 1720 tempore
649 1677 842 1710 infirmitatis
864 1677 992 1710 ostende
1017 1676 1286 1709 conversationem

323 1736 408 1765 tuam
426 1746 457 1771 »‚
482 1735 518 1764 ut
550 1732 593 1764 sic
617 1740 674 1773 per
703 1730 888 1773 legationem
914 1729 1114 1763 sacerdotum
1146 1729 1287 1762 invenias

323 1787 434 1828 Regem
459 1786 626 1827 placatum.

414 1840 465 1872 65.
491 1839 592 1881 (Vers.
622 1838 699 1878 33).
725 1838 780 1870 Sic
803 1847 880 1880 cryc
903 1837 1011 1870 omnis
1042 1847 1081 1870 ex
1104 1836 1196 1870 vobis
1227 1839 1285 1870 etc.

169 1903 202 1934 *ne
217 1903 302 1933 mapa<
324 1894 490 1935 Postquam
516 1892 677 1934 praemisit
701 1891 885 1933 exemplum
910 1891 1126 1933 parabolicum
1150 1891 1189 1924 de
1205 1890 1288 1923 aedi-

158 1932 305 1986 ffffii'epssi‘a'i'igl
322 1946 435 1979 ficante
459 1949 490 1978 et
513 1945 695 1986 exemplum
719 1944 758 1977 de
782 1945 971 1986 proeliante,
1001 1944 1052 1977 hic
1077 1944 1169 1977 tertio
1200 1944 1289 1986 ponit

158 1984 190 2004 ¹³⁹
206 1985 253 2004 ‘sm‘
322 1998 570 2040 adaptationem
593 1997 769 2040 utriusque
782 1998 805 2029 ⁶.
824 1998 860 2030 Et
876 1997 1025 2039 quoniam
1045 1997 1121 2030 haec
1142 1997 1289 2038 exempla

323 2051 502 2084 introducta
521 2054 611 2084 erant
634 2051 673 2083 ad
693 2050 895 2083 excitandum
920 2059 977 2083 nos
1000 2050 1040 2082 ad
1060 2050 1288 2092 providentiam

324 2106 368 2138 rei
385 2108 581 2147 opportunae
605 2104 691 2137 etad
715 2104 869 2137 cautelam
887 2103 931 2136 rei
949 2103 1077 2136 nocivae
1100 2107 1132 2136 et
1155 2103 1193 2136 ad
1213 2103 1289 2136 dan-

323 2160 393 2192 dam
418 2159 654 2201 intelligentiam
671 2158 867 2200 spiritualem
883 2157 1067 2200 utriusque;
1092 2157 1161 2190 ideo
1182 2157 1214 2189 in
1231 2158 1289 2190 hac

325 2216 413 2255 parte
428 2212 641 2245 introducitur
666 2212 899 2254 praedictorum
924 2210 1146 2253 exemplorum
1163 2210 1290 2252 adapta-

323 2266 367 2298 tio
390 2269 544 2307 quantum
563 2265 602 2297 ad
614 2264 862 2307 providentiam
883 2264 934 2296 rei
949 2267 1172 2306 opportunae,
1190 2272 1290 2306 quan-

325 2322 393 2351 tum
417 2319 456 2351 ad
479 2318 644 2351 cautelam
667 2318 718 2350 rei
740 2318 877 2351 nocivae
901 2321 932 2350 et
955 2320 1111 2360 quantum
1133 2317 1172 2350 ad
1188 2318 1290 2360 spiri-

325 2372 446 2405 tuatem
472 2372 721 2414 intelliyentiam
745 2372 929 2415 utriusque.

414 2425 518 2457 Primo
542 2425 640 2467 igitur
664 2429 820 2467 quantum
843 2424 882 2457 ad
899 2425 1145 2467 providentiam
1169 2424 1221 2457 rei
1235 2434 1291 2467 op—

173 2489 247 2519 quad
257 2495 305 2519 pro·
323 2483 490 2521 poi-tunae
511 2478 604 2511 dicit:
631 2478 684 2511 Sic
707 2488 785 2521 eryo
809 2478 918 2510 omnis
942 2488 981 2510 ea:
1004 2477 1115 2517 vobis,
1141 2477 1202 2521 qui
1224 2487 1291 2510 non

161 2516 591 2569 rei'dssffiiiili..renuntiatum-w
622 2531 795 2570 omnibus,
828 2541 913 2575 quae
940 2531 1104 2574 possidet,
1137 2540 1193 2573 per
1218 2540 1291 2564 con-

215 2575 262 2590 ¹¹³⁹'
328 2589 482 2627 temptum
506 2585 745 2627 temporalium;
770 2594 836 2617 non
857 2588 961 2626 potest
985 2594 1078 2617 meus
1101 2594 1168 2617 esse
1192 2584 1292 2617 disci-

326 2638 446 2680 pulus,
472 2647 528 2680 per
560 2638 783 2680 perfectionem
815 2638 1051 2680 spiritualium;
1077 2638 1167 2680 quasi
1191 2638 1290 2670 dicat:

401 2806 409 2820 ¹
432 2808 505 2833 Vers.
524 2807 550 2833 7.
570 2814 625 2839 seq.

401 2850 411 2865 ²³
432 2852 504 2877 Vers.
525 2852 550 2876 2.
569 2854 595 2876 et
614 2853 640 2877 3.

400 2895 410 2909 ⁴
431 2897 531 2922 Scilicet
549 2895 693 2922 ordinaria
713 2895 753 2932 (ex
773 2898 897 2928 Gregor.,
917 2897 944 2921 ll.
966 2897 1060 2921 Homil.
1080 2897 1104 2921 in
1131 2897 1230 2929 Evang.
1251 2898 1294 2922 ho-

331 2941 383 2966 mil.
404 2940 447 2965 37.
467 2947 491 2965 n.
510 2940 541 2972 7,
561 2947 640 2973 quem
660 2941 778 2973 sequitur
798 2940 877 2972 Beda)
898 2940 923 2965 in
950 2941 1010 2966 Luc.
1032 2940 1080 2971 ⁴4,
1101 2941 1148 2973 31,
1168 2941 1193 2966 111
1219 2941 1295 2967 cuius

330 2986 381 3011 ssne
392 2985 450 3010 Vat.
461 2992 522 3010 cum
535 2987 604 3010 textu
616 2984 737 3016 originali
747 2984 860 3018 piorum
873 2983 905 3017 [Ε
916 2985 933 3009 F
944 2985 965 3009 G
975 2984 1124 3018 purorum]
1139 2984 1294 3019 affectuum.

401 3027 412 3042 ⁶
432 3029 506 3054 Vers.
527 3030 570 3054 20.
590 3031 616 3054 et
635 3029 679 3054 21.
1096 3023 1098 3025 ’

401 3072 412 3087 ⁵
431 3073 482 3100 Cfr.
501 3081 581 3106 supra
601 3081 626 3099 n.
647 3074 690 3098 56.
711 3088 744 3091 —
763 3074 852 3099 Glossa
873 3073 1014 3100 ordinaria
1036 3074 1076 3107 (ex
1097 3074 1177 3107 Beda)
1192 3075 1218 3099 in
1233 3075 1295 3100 Luc.

332 3119 382 3150 ⁴4,
400 3119 449 3144 33:
469 3119 546 3144 Infert
564 3125 578 3143 a
598 3118 750 3150 praemissis
768 3118 992 3144 similitudinibus.
1007 3119 1228 3151 Quandoquidem
1242 3126 1295 3144 non

332 3162 399 3188 bene
419 3165 504 3194 potest
522 3162 661 3188 aedificare
680 3162 726 3195 qui
750 3169 803 3188 non
828 3165 964 3194 computat
987 3165 1104 3193 sumtus,
1131 3170 1179 3188 nec
1203 3169 1296 3188 secure

1037 2805 1047 2820 ²
1069 2808 1161 2832 Psalm.
1181 2808 1246 2838 142,
1267 2809 1291 2833 2.

332 3209 418 3239 potest
436 3213 575 3232 occurrere
594 3207 639 3239 qui
660 3213 711 3233 nou
732 3206 873 3238 praemittit
892 3207 1065 3239 legationem:
1081 3214 1146 3239 ergo
1159 3213 1207 3233 nec
1219 3214 1295 3233 meus

327 3252 417 3284 potest
435 3257 491 3277 esee
509 3250 658 3284 discipulus
679 3250 726 3284 qui
743 3257 798 3277 non
816 3250 957 3277 renuntiat
974 3250 1108 3277 omnibus.

403 3293 413 3308 ⁷
435 3295 493 3320 Vat.
512 3302 573 3320 cum
595 3295 706 3327 Vulgata
725 3298 751 3321 et
770 3296 861 3327 paucis
881 3296 958 3321 codd.
978 3295 1135 3327 renuntiat;
1155 3297 1202 3321 cfr.
1215 3303 1295 3327 supra

332 3347 393 3372 pag.
414 3340 482 3372 376,
501 3343 563 3366 nota
584 3340 626 3366 16.

404 3383 415 3398 ⁸
434 3384 517 3410 Codd.
537 3384 555 3410 C
567 3385 646 3410 DFG
667 3385 769 3416 legunt:
790 3386 813 3411 et
829 3392 958 3418 pugnans
977 3391 1032 3410 non
1055 3391 1149 3411 secure
1170 3391 1295 3418 pitanam

331 3428 491 3463 aym-editur
510 3428 567 3459 sine
586 3428 724 3456 militibus.

1321 2478 1325 2673 1

1326 3281 1330 3454 l

905 257 1098 289 COMMENT.
1125 256 1161 289 IN
1187 255 1425 288 EVANGELIUM
1449 255 1566 288 LUCAE
1590 255 1623 287 C.
1647 255 1722 288 XIV.

1346 343 1429 376 sicut
1452 343 1621 376 aedificans
1644 353 1706 376 non
1738 347 1842 386 potest
1865 352 2085 377 consummare
2108 343 2175 378 sine
2203 344 2314 377 sumti-

1346 396 1422 435 bus,
1446 405 1504 429 nec
1527 405 1672 438 pugnans
1695 405 1807 430 secure
1826 405 1965 439 pugnam
1989 396 2117 439 aggredi
2140 397 2207 430 sine
2232 397 2314 430 mili-

1347 449 1468 488 tibus⁸;
1490 449 1534 482 513
1550 449 1658 482 nullus
1674 449 1812 491 perfecte
1827 453 1931 492 potest
1947 450 2035 492 sequi
2059 449 2236 489 Christum,
2253 450 2313 483 nisi

1347 503 1507 536 renuntiet
1525 502 1683 535 omnibus.

1438 556 1489 588 66.
1517 555 1552 588 Et
1574 559 1666 595 nota,
1690 555 1776 598 quod
1798 555 1918 598 duplex
1942 559 1991 589 est
2005 555 2120 589 Christi
2145 556 2313 598 discipula-

1346 612 1416 642 tus:
1441 617 1526 642 unus
1549 609 1772 648 necessitatis,
1797 609 1879 642 sicut
1901 609 2018 642 dicitur
2042 611 2176 642 Actuum
2200 618 2284 642 nono
2300 609 2313 629 ⁹

1346 666 1377 695 et
1401 665 1508 701 sexto,
1532 662 1617 705 quod
1638 662 1797 705 discipuli
1815 665 2051 695 consueverunt
2076 662 2181 695 vocari
2196 662 2241 695 illi
2258 663 2313 705 qui

1346 725 1431 749 nunc
1454 715 1606 749 dicuntur
1639 714 1844 755 Christiani,
1868 716 1907 749 de
1939 725 2003 758 (1113
2033 716 2197 758 disciplina
2219 716 2315 750 Isaiae

1346 769 1468 812 primo:
1493 782 1517 797 ⁴«
1541 768 1698 811 Quiescite
1729 778 1822 811 agere
1850 778 2017 811 perverse,
2048 769 2158 802 discite
2189 768 2314 802 benefa-

1346 832 1419 856 cere
1435 836 1465 854 ».
1491 822 1577 855 Alius
1599 826 1647 855 est
1669 822 1877 864 discipulatus
1900 822 2223 865 stipereroyationis,
2251 831 2315 865 quo

1346 876 1419 918 quis
1449 875 1612 908 Christum
1644 875 1790 918 sequitur
1813 875 1845 908 in
1877 875 2015 908 consiliis
2041 875 2245 918 evangelicis,
2276 874 2315 907 de

1339 938 1412 971 quo
1435 928 1580 962 Matthaei
1598 929 1709 971 quinto
1724 929 1766 961 ¹⁰:
1797 941 1813 958 α
1828 928 1944 962 Videns
1962 929 2046 961 Iesus
2062 928 2188 968 turbas,
2208 937 2316 961 ascen-

1346 983 1393 1015 dit
1416 982 1448 1015 in
1464 985 1622 1021 montem;
1648 985 1679 1015 et
1702 991 1775 1015 311111
1792 974 1940 1021 sedisset,
1964 981 2226 1014 accesseruntad
2242 990 2315 1014 eum

1347 1036 1492 1078 discipuli
1517 1030 1632 1069 eius».
1664 1035 1767 1068 Primo
1788 1035 1991 1077 discipulatui
2023 1035 2238 1068 necessarium
2268 1038 2316 1068 est

1349 1089 1503 1122 omnibus
1526 1089 1737 1135 renuntiare,
1766 1092 1922 1131 quantum
1946 1088 1985 1121 ad
2017 1092 2219 1121 terrenorum
2242 1097 2317 1121 con-

1349 1146 1523 1185 temptum;
1548 1142 1686 1175 secundo
1701 1145 1808 1175 autem
1831 1141 2046 1175 necessarium
2063 1144 2111 1174 est
2128 1141 2248 1174 omnia
2264 1151 2316 1174 re-

1349 1196 1511 1239 linquere,
1536 1205 1599 1228 non
1623 1195 1725 1228 solum
1761 1198 1918 1237 quantum
1938 1194 1977 1227 ad
2008 1194 2171 1233 affectum,
2202 1203 2316 1227 verum

1349 1250 1444 1283 etiam
1469 1252 1625 1292 quantum
1642 1249 1681 1281 ad
1698 1258 1776 1282 rem.
1802 1248 1887 1281 Unde
1911 1248 2019 1281 Glossa
2032 1249 2076 1280 ¹¹:
2105 1261 2121 1276 α
2138 1248 2200 1281 Hoc
2222 1247 2317 1281 distat

1350 1303 1432 1336 inter
1450 1302 1647 1336 renuntiare
1662 1301 1817 1334 omnibus
1840 1304 1871 1335 et
1887 1301 2078 1345 relinquere
2094 1301 2225 1341 omnia,
2242 1301 2317 1344 quia

1350 1356 1547 1390 renuntiare
1570 1355 1716 1389 convenit
1739 1355 1901 1394 omnibus,
1925 1355 1981 1398 qui
2006 1354 2049 1387 ita
2072 1354 2156 1389 licite
2179 1357 2316 1387 utuntur

1351 1410 1537 1448 mundanis,
1561 1418 1643 1452 quae
1667 1409 1844 1451 possident,
1868 1412 1905 1442 ut
1928 1412 2033 1441 tamen
2061 1411 2166 1441 mente
2190 1407 2318 1440 tendant

1350 1464 1388 1497 ad
1405 1467 1541 1496 aeterna.
1567 1463 1760 1506 Relinquere
1783 1466 1831 1496 est
1847 1461 2065 1495 tantummodo
2088 1461 2319 1504 perfectorum,

1350 1518 1405 1560 qui
1422 1517 1527 1550 omnia
1551 1516 1736 1559 temporalia
1759 1520 1952 1559 postponunt
1975 1519 2007 1549 et
2030 1516 2105 1549 solis
2119 1515 2257 1556 aeternis
2273 1515 2320 1548 in-

1350 1572 1439 1604 hiant
1455 1585 1487 1610 »‚
1512 1574 1543 1604 et
1566 1571 1626 1603 hoc
1650 1570 1864 1603 necessarium
1888 1573 1936 1603 est
1959 1569 2106 1612 perfectis
2129 1569 2246 1602 Christi
2273 1568 2320 1602 di—

1351 1625 1498 1667 scipulis,
1523 1628 1559 1657 ut
1583 1623 1760 1657 conformes
1784 1623 1846 1656 sint
1862 1623 2040 1665 paupertati
2065 1622 2212 1666 Magistri.
2234 1622 2320 1656 Unde

1352 1687 1448 1720 super
1465 1677 1543 1710 illud
1559 1678 1705 1710 Matthaei
1729 1677 1852 1711 decimo
1872 1686 1955 1709 nono
1969 1677 2013 1708 1²¹:
2044 1690 2059 1705 «ι
2076 1677 2171 1716 Ecce,
2195 1685 2252 1709 nos
2269 1684 2320 1709 re-

1352 1731 1504 1774 liquimus
1538 1730 1643 1764 omnia
1673 1734 1704 1763 et
1734 1730 1833 1763 secuti
1867 1737 1978 1763 sumus
2010 1733 2040 1763 te
2063 1742 2096 1769 2»,
2119 1729 2320 1763 Bernardus:

1357 1785 1485 1824 «Bene,
1510 1785 1618 1823 Petre,
1641 1786 1673 1817 et
1689 1793 1751 1816 non
1767 1783 1807 1816 ad
1830 1782 2040 1825 insipientiam
2065 1782 2139 1821 tibi,
2156 1782 2231 1825 quia
2247 1791 2321 1815 cur-

1353 1841 1475 1871 rentem
1499 1837 1589 1880 sequi
1613 1847 1675 1870 non
1699 1841 1825 1879 poteras
1846 1839 2005 1869 oneratus.
2033 1835 2221 1869 Exsultavit
2236 1836 2320 1869 enim

1355 1895 1392 1925 ut
1412 1891 1511 1935 yiyas
1528 1891 1575 1924 ad
1597 1890 1803 1927 cur-rendam
1822 1890 1914 1923 viam
1932 1904 1961 1922 n.
1979 1890 2058 1923 Cum
2074 1889 2158 1923 enim
2182 1890 2321 1932 primum

1354 1945 1395 1978 sit
1414 1945 1496 1978 inter
1520 1944 1637 1978 Christi
1660 1944 1849 1978 documenta
1862 1944 1906 1976 ¹⁸:
1935 1956 1951 1972 α
1974 1943 2057 1976 Beati
2081 1952 2238 1986 pauperes
2251 1943 2317 1986 spi-

1354 1999 1420 2031 ritu
1438 2010 1469 2037 »3
1486 1998 1541 2040 qui
1558 1998 1618 2031 1103
1635 1997 1758 2040 ignorat
1774 2006 1832 2040 per
1848 2006 2045 2040 consequens
2061 1996 2178 2036 nescit,
2207 2009 2224 2025 «
2240 2005 2321 2039 quae

1354 2051 1417 2084 sint
1447 2051 1602 2084 elementa
1634 2050 1757 2084 exordii
1789 2059 1972 2084 sermonum
1989 2064 2005 2080 ι)
2034 2050 2168 2090 Christi;
2200 2058 2237 2082 33
2265 2058 2323 2092 per

1355 2105 1415 2137 hoc
1438 2104 1553 2137 Christi
1585 2102 1760 2146 discipulus
1784 2113 1847 2137 non
1870 2107 1918 2137 est
1946 2113 2004 2137 nec
2035 2103 2140 2146 ipsum
2167 2102 2321 2145 intelligit.

1356 2158 1391 2191 Et
1414 2157 1484 2190 ideo
1500 2157 1687 2196 Antiochus,
1712 2157 1766 2200 qui
1790 2158 2019 2200 interpretatur
2044 2156 2213 2190 silentium
2233 2166 2323 2199 pau-

1351 2211 1495 2254 pertatis
1508 2211 1545 2250 11,
1570 2210 1726 2244 subvertit
1744 2210 1946 2244 fundamenta
1965 2210 2153 2250 Ierusalem,
2168 2210 2243 2253 quia
2258 2211 2322 2243 non

1355 2268 1458 2307 potest
1488 2273 1556 2298 esse
1579 2264 1754 2307 discipulus
1784 2264 1934 2307 pauperis
1965 2263 2118 2298 crucifixi
2140 2263 2196 2307 'qui
2221 2263 2322 2296 consi-

1356 2318 1434 2351 lium
1458 2317 1654 2360 paupertatis
1678 2317 1858 2350 contemnit.

2332 564 2412 595 Duplex
2427 568 2437 588 11

2339 598 2369 613 sci
2386 593 2437 614 ulatt·

2354 619 2370 640 C
2386 619 2436 642 riuti.

2336 1257 2440 1279 Notaudm

1447 2372 1499 2404 67.
1525 2371 1627 2412 (Vers.
1662 2370 1739 2412 34).
1772 2370 1915 2404 Secundo
1950 2374 2105 2413 quantum
2137 2370 2181 2403 ad'
2210 2374 2322 2404 caute-
2335 2380 2445 2408 Quoadca

1357 2424 1425 2457 lam
1449 2424 1500 2456 rei
1528 2423 1665 2457 nocivae
1688 2423 1807 2456 subdit:
1841 2424 1973 2456 Bonum
1996 2427 2043 2456 est
2065 2423 2137 2463 sal,
2154 2423 2187 2456 si
2209 2426 2321 2456 autem

1355 2477 1409 2510 sal
1431 2477 1612 2510 evanuerit.
1638 2477 1695 2510 Per
1718 2477 1772 2510 sal
1794 2477 1980 2519 intelligitur
2004 2477 2163 2520 perfectus
2187 2477 2323 2520 quisque

1357 2531 1547 2573 discipulus,
1564 2531 1618 2573 qui
1643 2531 1790 2573 exemplo
1805 2534 1837 2564 et
1853 2531 1950 2563 verbo
1965 2530 2058 2564 debet
2081 2530 2210 2563 condire
2226 2530 2321 2564 corda

1357 2584 1515 2623 aliorum;
1541 2584 1624 2617 unde
1656 2584 1802 2616 Matthaei
1834 2583 1946 2626 quinto
1960 2584 2007 2615 1⁵:
2044 2596 2059 2612 α
2077 2584 2138 2617 Vos
2170 2583 2244 2617 estis
2276 2584 2321 2617 sal

1357 2640 1461 2670 terrae
1477 2649 1513 2677 »;
1538 2637 1623 2680 quod
1650 2637 1784 2677 dicitur,
1809 2637 1884 2680 quia
1914 2636 2143 2670 discretionem
2166 2646 2323 2670 summam

1427 2806 1438 2821 ⁹
1458 2808 1533 2833 vers.
1557 2808 1579 2833 1.
1606 2808 1646 2833 10.
1668 2808 1710 2833 19.
1735 2808 1778 2833 25.
1798 2810 1824 2833 et
1849 2807 1945 2833 deinde
1971 2808 2002 2838 6,
2024 2807 2047 2833 l.
2072 2814 2128 2840 seq.
2146 2820 2182 2826 —
2201 2806 2323 2840 Sequitur

1357 2851 1413 2877 lsai.
1435 2852 1462 2881 l,
1484 2851 1526 2876 16.
1545 2858 1599 2884 seq.

1431 2894 1452 2909 ¹⁰
1474 2896 1549 2921 Vers.
1569 2896 1593 2921 t.

1431 2939 1451 2954 ¹¹
1471 2940 1573 2966 Scilicet
1584 2939 1727 2966 ordinaria
1740 2941 1780 2973 (ex
1793 2940 1872 2972 Beda)
1884 2940 1955 2971 apud
1967 2940 2099 2972 [γι-31111111
2111 2939 2134 2965 111
2146 2940 2208 2965 Luc.
2221 2939 2266 2971 14,
2279 2939 2323 2965 33.

1431 2983 1453 2998 ¹⁹
1474 2986 1546 3010 Vers.
1567 2985 1609 3010 27.
1624 2999 1657 3003 -
1671 2985 1707 3010 De
1726 2985 1852 3010 sententia
1872 2985 2010 3016 Bernardi‚
2033 2984 2058 3010 in
2078 2985 2154 3011 cuius
2167 2985 2218 3010 flne
2230 2985 2324 3016 allega-

1360 3032 1400 3054 tur
1420 3030 1459 3054 ΡΒ.
1481 3030 1529 3060 18,
1550 3030 1580 3061 6,
1600 3030 1646 3055 cfr.
1664 3034 1745 3061 supra
1765 3036 1827 3061 pag.
1847 3029 1914 3060 228,
1930 3033 1994 3054 nota
2014 3030 2039 3055 8.

1431 3071 1453 3086 ¹¹³
1472 3074 1559 3098 Matth.
1579 3073 1610 3104 5,
1629 3074 1660 3105 33
1679 3075 1725 3098 cfr.
1746 3080 1826 3105 supra
1846 3080 1868 3098 c.
1888 3074 1912 3098 6.
1933 3080 1958 3099 n.
1978 3064 2022 3099 50.
2041 3081 2096 3106 seq.
2110 3087 2145 3095 -
2159 3072 2276 3099 Subinde
2289 3073 2323 3098 al-

1360 3118 1462 3148 legatur
1481 3116 1560 3143 Hebr.
1579 3117 1609 3150 5,
1631 3118 1677 3148 12,
1697 3117 1722 3143 111
1742 3125 1796 3150 quo
1815 3124 1864 3149 pro
1883 3124 1953 3151 quae
1970 3117 2027 3144 sint
2043 3117 2063 3143 C
2077 3118 2098 3142 D
2117 3124 2186 3151 quae
2203 3118 2277 3143 sunt.

1431 3159 1453 3174 ¹⁴
1472 3161 1591 3192 Hieron.,
1610 3161 1644 3187 de
1664 3161 1793 3188 Nominib.
1812 3162 1934 3187 Hebraic.
1953 3162 1987 3188 de
2000 3162 2080 3194 Epist.
2102 3162 2174 3187 Pauli
2196 3162 2230 3187 ad
2251 3161 2323 3187 Gala-

1360 3207 1412 3230 tas:
1431 3204 1615 3235 Antiochiam,
1641 3205 1802 3237 paupertatis
1823 3206 1963 3231 silentium.
1982 3218 2018 3225 —
2037 3205 2075 3231 De
2093 3205 2221 3231 Antiocho
2239 3206 2285 3231 cfr.
2304 3205 2321 3230 l.

1361 3250 1442 3275 Maeh.
1463 3251 1491 3281 t,
1511 3250 1553 3275 23.
1573 3256 1648 3282 seqq.
1667 3263 1702 3269 —
1723 3250 1788 3275 Vide
1807 3251 1932 3282 Gregor:,
1952 3250 2020 3275 XVI.
2040 3250 2128 3275 Moral.
2141 3257 2164 3276 c.
2178 3250 2221 3275 10.
2234 3257 2258 3275 11.
2275 3249 2322 3282 15,

1360 3294 1406 3320 ubi
1426 3295 1569 3326 explicatur
1589 3294 1651 3320 illud
1671 3294 1715 3320 lob
1734 3295 1783 3325 22,
1804 3295 1852 3320 161
1871 3294 1985 3321 Flavius
2008 3293 2140 3321 subvertit
2161 3293 2323 3328 fundamen-

1360 3340 1418 3365 tum
1436 3346 1540 3365 eorum.

1431 3381 1454 3397 ¹⁵
1474 3383 1549 3409 Vers.
1570 3383 1612 3408 13.
1624 3397 1658 3401 —
1672 3383 1729 3408 Duo
1748 3390 1822 3416 seqq.
1842 3382 1890 3408 loci
1910 3386 1971 3408 sunt
1989 3382 2042 3409 Col.
2062 3383 2091 3416 4,
2112 3383 2136 3409 6.
2153 3386 2180 3409 et
2193 3382 2236 3409 10])
2251 3383 2281 3414 6,
2295 3384 2321 3408 6.

1359 3427 1410 3454 CI‘r.
1430 3426 1554 3459 Gregor„
1575 3427 1624 3453 Vll.
1645 3428 1732 3453 Moral.
1752 3434 1775 3453 c.
1796 3428 1836 3452 13.
1856 3433 1882 3453 n.
1903 3427 1945 3453 15.

2350 2408 2413 2438 telam
2427 2413 2447 2429 re

2358 2440 2443 2456 nocivae
