2476 3921
50 604 80 625 De
92 603 190 632 accepta·

40 630 97 652 tione
111 629 189 651 doctri-

41 662 80 678 nae
89 655 169 677 Christi
176 661 189 676 a

40 682 118 710 populo
138 687 190 709 qua-

41 712 89 731 tuor
111 711 185 730 notan-

53 1081 102 1103 Fuit
116 1081 191 1102 immu-

41 1108 111 1139 nispb
121 1109 191 1129 osten-

41 1137 130 1157 tatione.

86 1294 185 1321 Figurae.

76 1989 187 2018 ExpositIo

82 2016 180 2044 mystica.

91 2309 174 2337 Religio

74 2336 188 2364 tripliciter

73 2364 188 2412 Ἢοέὲῗ

804 183 997 217 COMMENT.
1023 183 1058 215 IN
1085 182 1323 216 EVANGELIUM
1348 183 1465 216 LUCAE
1490 184 1521 216 C.
1548 184 1594 216 IV.
2129 188 2185 218 111

203 279 277 310 5001
301 284 357 317 031
382 274 488 313 illum,
512 274 551 307 (13
587 283 651 316 quo
682 273 798 306 dicitur
828 272 910 305 infra
944 280 1044 310 nono,
1081 271 1165 314 quod

203 327 403 371 praedicabat
425 327 605 365 Christum,
629 335 692 359 non
717 334 854 368 sequens
877 334 968 364 eum;
986 333 1082 367 quem
1105 324 1167 357 Do-

203 382 308 415 minus
332 380 432 414 noluit
455 380 628 423 prohiberi.
663 380 708 412 Ex
740 378 908 422 praedictis
943 378 1057 421 liquet,
1082 377 1166 420 quod

204 435 373 469 Salvatoris
405 437 542 476 potestas
571 442 628 476 per
658 442 783 466 omnem
813 432 943 466 modum
966 435 1014 465 est
1038 431 1167 464 manife-

203 490 292 521 stata.

293 542 344 574 92.
370 541 471 583 (Vers.
496 541 574 582 42).
601 541 707 572 Facta
723 542 834 572 autem
850 538 903 572 die
918 541 976 572 etc.
996 538 1067 571 Post
1083 546 1168 571 com-

202 594 446 628 municationem
469 594 630 627 doctrinae
654 593 769 626 Christi
795 596 826 626 et
842 591 1142 625 authenticationem
1156 592 1167 610 1

202 647 301 690 ipsius
325 638 369 680 ex'
391 646 573 689 operatione
597 645 742 678 miraculi
766 645 972 689 subiungitur
996 645 1048 678 hic
1073 644 1168 677 tertio

204 700 383 743 acceptatio
406 700 552 733 eiusdem
588 709 611 732 a
642 699 856 732 multitudine
886 698 1014 741 populi.
1041 698 1084 731 Ad
1108 698 1168 731 hoc

203 758 327 793 autem,
352 754 436 796 quod
459 753 602 786 doctrina
618 753 724 795 aIIqua
739 752 845 786 debito
860 752 953 785 modo
969 751 1169 785 auditoribus

203 807 259 840 fiat
281 810 425 849 accepta,
449 810 592 849 oportet,
617 806 703 849 quod
727 806 767 839 sit
791 805 940 838 immunis
964 805 1005 838 ab
1028 809 1169 837 ostenta-

205 861 307 900 tione,
332 860 372 893 ab
395 860 590 899 ambitione,
615 860 655 893 ab
686 859 879 892 adulatione
909 862 941 892 et
964 868 983 891 a
1006 868 1168 902 persona—

204 923 283 946 rum
307 913 500 956 acceptione.
526 913 577 946 His
600 913 684 946 enim
708 912 808 945 modis
844 916 982 954 quatuor
1006 912 1170 945 consuevit

203 967 363 1000 doctrinae
387 967 558 1009 acceptatio
581 966 758 1009 depravari.

294 1021 396 1054 Primo
420 1030 496 1064 ergo
512 1021 552 1054 ab
567 1020 780 1063 acceptatione
796 1019 957 1053 doctrinae
979 1020 1095 1053 Christi
1112 1029 1170 1053 ex-

204 1074 343 1108 cluditur
367 1074 558 1113 ostentatio,
584 1083 657 1107 cum
680 1074 812 1107 dicitur:
838 1074 944 1106 Facta
968 1077 1080 1106 autem
1097 1073 1168 1112 die,

204 1138 356 1171 egressus
380 1128 450 1161 ibat
472 1128 507 1161 in
531 1128 697 1161 desertum
722 1127 849 1167 locum,
882 1127 1047 1160 volens.se
1071 1127 1170 1169 magis

205 1182 368 1215 humiliter
391 1182 551 1215 occultare
574 1191 670 1224 quam
695 1181 896 1223 impudenter
921 1184 1097 1220 ostentare,
1122 1189 1171 1213 se-

205 1235 345 1268 cundum
370 1235 447 1268 illud
472 1235 583 1268 Psalmi
598 1235 628 1267 2:
659 1248 674 1263 «
692 1234 837 1277 Elongavi
870 1234 993 1276 fugiens
1016 1238 1047 1266 31
1070 1233 1170 1266 103051

205 1289 237 1321 10
262 1288 430 1322 solitudine
447 1302 477 1320 n.
503 1288 601 1322 Huius
636 1288 740 1330 figura
768 1288 938 1330 praecessit
970 1287 1000 1319 in
1027 1287 1108 1326 Elia,
1133 1286 1171 1319 de

204 1351 268 1385 quo
292 1341 375 1375 tertii
401 1342 519 1384 Regum
544 1341 665 1374 decimo
688 1350 770 1374 nono
793 1341 927 1379 dicitur,
952 1340 1037 1383 quod
1062 1339 1172 1373 relicto

203 1404 305 1438 puero
329 1404 404 1434 suo,
437 1395 523 1428 solus
555 1395 700 1437 perrexit
735 1395 766 1427 in
798 1394 978 1433 desertum,
1004 1396 1172 1436 postquam

203 1449 320 1482 fecerat
343 1449 531 1482 miraculum
556 1448 595 1481 de
618 1448 690 1491 igne
713 1451 919 1481 consumente
941 1448 1170 1481 holocaustum.

205 1503 303 1536 Huius
326 1503 420 1536 etiam
445 1503 547 1545 figura
571 1502 741 1545 praecessit
766 1502 797 1534 in
822 1501 938 1541 David,
955 1502 1010 1544 qui
1035 1501 1117 1534 dixit
1133 1500 1172 1533 ad

205 1555 365 1588 Ionatham
397 1556 491 1598 primi
527 1556 646 1598 Regum
675 1555 869 1598 vigesimo⁸:
908 1568 923 1584 «
942 1555 1069 1588 Dimitte
1102 1563 1171 1593 me,

205 1612 242 1641 ut
264 1609 438 1642 abscondar
462 1609 494 1642 in
518 1619 594 1651 agro
629 1618 731 1651 usque
764 1609 803 1641 ad
834 1617 998 1650 vesperam
1021 1608 1083 1641 diei
1109 1611 1172 1640 ter-

205 1662 314 1701 tiae»,
339 1662 370 1695 id
393 1666 440 1695 est
475 1671 577 1704 usque
608 1662 648 1694 ad
680 1662 956 1694 resurrectionem.
990 1661 1039 1694 Ob
1074 1669 1171 1703 quam

205 1715 298 1748 etiam
330 1725 456 1749 causam
489 1715 571 1748 dixit
602 1715 764 1756 discipulis
795 1714 941 1747 Matthaei
976 1714 1099 1747 decimo
1123 1723 1171 1747 se-

205 1768 319 1810 ptimo:
350 1782 366 1797 «
382 1768 501 1801 Nemini
526 1768 671 1801 dixeritis
694 1767 863 1806 visionem,
880 1767 979 1799 donec
1003 1767 1098 1799 Filius
1115 1767 1171 1799 ho-

204 1821 301 1857 minis,
333 1831 351 1854 3
375 1821 510 1854 mortuis
541 1823 687 1862 resurgat
706 1832 736 1858 »3
762 1822 792 1852 et
817 1819 939 1852 loannis
966 1819 1169 1852 duodecimo:

211 1887 226 1903 «
243 1875 320 1907 Haec
346 1875 471 1908 locutus
494 1877 542 1907 est
566 1874 651 1907 Iesus
675 1877 706 1906 et
729 1873 805 1907 abiit
829 1876 860 1907 et
883 1873 1046 1906 abscondit
1070 1882 1146 1906 se».

297 1928 348 1960 93.
375 1927 453 1960 Illud
477 1931 583 1960 autem
610 1927 671 1960 iter
694 1927 730 1960 in
754 1927 919 1960 desertum.
955 1930 986 1960 et
1017 1936 1170 1970 eyressus

206 1980 244 2013 de
267 1980 398 2013 civitate
421 1980 575 2022 significat
599 1989 761 2023 egressum
786 1981 868 2014 vitae
891 1980 1062 2014 saecularis
1077 1983 1108 2013 et
1123 1980 1171 2012 in-

206 2041 350 2075 gressum
374 2033 544 2076 religionis.
579 2033 748 2066 Desertum
783 2033 874 2074 enim,
902 2038 949 2067 est
974 2034 1061 2066 locus
1083 2042 1170 2075 pau-

202 2086 363 2129 pertatiS,
388 2086 581 2129 asperitatis
605 2090 636 2120 et
660 2087 816 2126 vilitatis,
849 2090 960 2120 contra
983 2086 1063 2125 tria,
1088 2094 1170 2128 (1033

206 2143 281 2173 5001
304 2140 335 2173 10
360 2140 491 2180 1000110,
516 2140 692 2174 secundum
721 2141 798 2174 illud
831 2141 952 2183 primae
976 2140 1099 2173 Ioannis
1122 2148 1170 2172 se-

206 2192 309 2225 cundo
321 2193 351 2225 4:
382 2207 397 2222 α
413 2193 531 2232 Omne,
557 2194 641 2236 quod
658 2197 705 2227 est
721 2194 753 2226 in
769 2193 902 2232 mundo,
920 2197 975 2226 aut
991 2196 1038 2226 351
1054 2202 1169 2226 concu-

205 2246 356 2288 piscentIa
367 2247 551 2287 oculorum,
569 2250 625 2280 aut
641 2247 894 2290 concupIscentia
910 2247 1029 2285 331015,
1046 2250 1101 2279 aut
1117 2256 1170 2279 su-

207 2300 316 2342 perbia
333 2301 415 2334 vitae
432 2315 462 2334 ».
481 2301 596 2334 Contra
613 2302 690 2334 haec
707 2300 817 2334 statuit
833 2300 986 2334 Dominus
1001 2301 1168 2333 desertum

206 2354 394 2397 reliqionis,
420 2355 452 2387 111
475 2364 540 2397 quo
564 2358 692 2388 notatur
710 2354 828 2396 triplex
853 2353 973 2387 bonum
999 2354 1048 2387 his
1072 2363 1169 2396 oppo-

207 2407 318 2447 situm,
336 2408 453 2442 scilicet
469 2409 689 2447 continentiae,
706 2408 901 2450 paupertatis
914 2410 945 2440 et
956 2407 1168 2447 obedientiae;

207 2464 238 2493 et
261 2461 330 2494 ideo
354 2462 467 2495 merito
490 2462 606 2495 dicitur
628 2455 804 2494 desertum.
833 2461 864 2493 ln
886 2461 945 2494 hoc
962 2461 1086 2494 deserto
1104 2470 1170 2493 mo-

275 2611 288 2627 1
309 2614 368 2639 Vat.
388 2613 629 2649 confirmationem.

279 2655 289 2671 ²
309 2658 402 2684 Psalm.
422 2658 508 2691 51,’8.
523 2672 558 2678 —-
578 2658 700 2691 Sequitur
721 2658 756 2683 111.
777 2658 843 2690 Reg.
864 2659 911 2692 19,
933 2659 956 2684 3.
976 2666 1046 2693 seq.:
1070 2659 1173 2685 «Dimi-

208 2701 241 2727 sit
259 2701 294 2727 ibi
314 2709 428 2734 puerum
448 2710 526 2729 suum
546 2706 571 2729 et
590 2702 704 2735 perrexit
724 2702 750 2728 in
768 2702 902 2729 desertum
917 2713 930 2726 »
947 2706 995 2730 etc.
1019 2703 1171 2730 Miraculum

208 2745 242 2772 de
260 2746 321 2778 igne
340 2751 511 2774 consumente
531 2748 712 2774 holocaustum
740 2751 861 2774 narratur
879 2747 942 2774 ibid.
964 2748 1010 2780 18,
1030 2749 1073 2775 23.
1097 2755 1171 2782 seqq.

208 2803 244 2809 —
263 2791 391 2823 Superius
410 2799 458 2824 pro
477 2792 646 2827 impudenter
664 2792 683 2818 C
703 2791 899 2826 imprudenter.

279 2833 290 2849 ¹³
310 2836 384 2862 Vers.
405 2837 430 2862 5.
449 2851 483 2856 —
501 2837 559 2864 Duo
579 2844 653 2870 seqq.
672 2836 720 2862 loci
741 2840 802 2863 sunt
821 2837 908 2862 Matth.
930 2837 977 2870 17,
998 2838 1023 2863 9.
1052 2841 1077 2863 31
1103 2838 1170 2863 loun.

209 2879 257 2910 ⁴2,
277 2880 319 2905 36.

279 2922 291 2937 ⁴
310 2923 386 2950 Vers.
408 2925 451 2950 16.
475 2939 510 2944 -—
529 2926 637 2952 lnterius
657 2933 705 2958 pro
724 2924 753 2952 in
772 2932 824 2959 quo
844 2927 955 2953 notatur
975 2925 1036 2960 [CF
1049 2927 1070 2952 G
1083 2926 1170 2960 notat]

209 2966 310 3001 triplex
323 2967 423 2995 bonum
437 2969 478 2996 his
492 2970 645 3004 oppositum
663 2971 685 2996 H
705 2970 732 2997 in
746 2977 798 3004 quo
812 2969 947 2998 invenitur
961 2970 1035 3005 [vat.
1047 2970 1169 3005 vovetur]

209 3011 310 3046 triplex
329 3012 429 3040 bonum
448 3014 489 3041 Ιιίε
509 3015 580 3049 [Vat.
599 3015 700 3050 trz'pleoe
718 3016 811 3042 votum
827 3015 989 3050 praedictis]
1009 3016 1170 3051 oppositum.

281 3055 292 3071 ⁵
312 3058 386 3084 Vers.
406 3058 430 3084 7.
452 3066 509 3093 seq.
527 3061 646 3093 Gregor„
659 3061 678 3086 1.
690 3060 783 3086 Ilomil.
797 3060 825 3085 in
837 3061 939 3093 Evang.
952 3062 1043 3087 homil.
1061 3062 1085 3087 6.
1100 3069 1126 3087 n.
1139 3062 1169 3087 2:

209 3101 370 3128 Arundinem
390 3103 491 3136 quippe
510 3111 580 3137 mox,
599 3107 628 3130 ut
646 3111 710 3130 aura
729 3104 876 3137 contigerit,
894 3105 921 3130 in
940 3108 1041 3137 partem
1062 3106 1170 3131 alteram

209 3145 296 3172 flectit.
316 3147 345 3172 Et
363 3147 427 3181 quid
447 3155 494 3180 per
512 3148 668 3175 arundinem
688 3148 735 3174 nisi
755 3149 867 3175 carnalis
879 3141 984 3176 unimus
997 3149 1170 3182 designatur?

210 3190 259 3223 Qui
278 3185 338 3218 mox
357 3195 385 3218 ut
404 3194 506 3226 favore,
525 3194 568 3219 vel
586 3193 747 3220 detractione
765 3194 893 3226 tangitur,
912 3194 999 3220 statim
1023 3195 1048 3220 in
1067 3198 1170 3227 partem

209 3235 353 3268 quamlibet
371 3236 509 3263 inclinatur
527 3240 576 3264 etc.
594 3238 645 3264 Cir.
660 3239 677 3264 1.
690 3238 783 3264 Homil.
797 3238 823 3264 in
837 3238 930 3265 Ezech.
943 3239 1031 3265 homil.
1045 3239 1069 3264 9.
1084 3246 1111 3265 0.
1126 3240 1168 3265 16.

208 3292 244 3298 -
265 3279 311 3306 Pro
330 3280 464 3315 asperitas
485 3281 658 3316 paupertatis
685 3282 712 3308 in
731 3282 752 3308 D
770 3282 887 3308 secunda
914 3287 1021 3309 manus
1037 3282 1171 3310 substituit

209 3323 342 3358 asperitas
361 3327 385 3351 et
406 3327 575 3359 pattpertas,·
593 3326 664 3352 idem
685 3326 764 3353 habet
782 3327 814 3353 H.

280 3365 291 3381 ⁰
311 3368 386 3393 Vers.
406 3368 449 3393 ⁴4.
470 3381 506 3388 —
525 3370 656 3395 Sententia
681 3370 819 3401 Augustini
845 3369 956 3396 habetur
980 3370 1013 3395 de
1035 3371 1101 3396 Vera
1120 3371 1170 3396 Re-

1231 273 1320 304 ratus
1343 274 1391 304 est
1415 271 1560 310 Ioannes;
1587 273 1669 305 unde
1687 273 1830 306 Matthaei
1849 274 2059 306 undecimo⁵:
2082 287 2097 301 α
2111 275 2191 316 Quid

1229 324 1341 357 existis
1365 324 1395 356 in
1420 324 1581 357 desertum
1617 325 1748 358 videre?
1772 326 1931 359 Hominem
1970 327 2117 360 mollibus
2142 336 2193 360 ve-

1230 376 1340 409 stitum
1357 380 1392 409 n?
1416 377 1446 409 in
1471 386 1535 419 quo
1560 381 1644 419 patet
1667 379 1820 420 asperitas
1837 380 2046 421 paupertatis;
2069 393 2083 408 α
2098 390 2193 413 arun-

1229 429 1333 462 dinem
1360 433 1453 462 vento
1477 430 1625 472 agitatam
1647 433 1683 462 »t
1708 431 1738 463 in
1763 440 1827 473 quo
1851 431 2033 473 designatur
2067 433 2193 466 humili-

1231 486 1294 522 tas,
1318 492 1400 525 quae
1432 492 1495 516 non
1522 483 1696 528 delectatur
1721 485 1752 516 in
1776 488 1869 516 vento
1903 485 2032 518 laudum
2062 495 2118 519 nec
2141 487 2194 519 de-

1231 536 1337 569 iicitur
1377 536 1408 569 in
1444 537 1600 579 vituperio
1635 537 1864 570 detractionum
1902 543 1933 571 ct
1967 540 2193 572 conviciorum.

1233 608 1275 614 —-
1300 590 1332 622 ln
1357 590 1417 623 hoc
1441 591 1566 623 deserto
1591 591 1649 624 fuit
1673 591 1836 630 Christus,
1861 592 1952 625 cuius
1977 593 2080 635 figura
2105 602 2195 635 prae—
2216 600 2300 627 figura·

1232 643 1325 677 cessit
1361 644 1453 686 primi
1487 645 1605 687 Regum
1634 645 1784 687 vigesimo
1812 646 1952 679 tertioss:
1983 659 1998 674 α
2015 646 2196 679 Morabatur

1232 697 1332 729 David
1355 697 1387 729 in
1410 697 1550 736 deserto,
1568 697 1599 730 in
1617 698 1692 731 locis
1716 699 1943 738 munitissimis,
1962 699 1992 731 in
2019 702 2123 732 monte
2147 708 2196 732 so-

1233 750 1374 783 litudinis
1407 751 1533 793 Ziph»,
1558 751 1633 793 quia
1667 751 1849 785 altissimam
1883 752 2064 794 religionem
2096 753 2197 785 tenuit

1233 803 1388 837 Christus.
1413 804 1499 837 Unde
1517 805 1710 847 Augustinus
1726 805 1764 838 de
1782 806 1862 838 Vera
1879 806 2049 848 Religione:
2074 806 2197 839 «Omne

1233 861 1397 899 peccatum
1423 859 1586 900 provenit,
1611 862 1666 891 aut
1689 859 1764 902 quia
1792 860 1969 902 appetimus
1998 869 2079 902 quae
2108 860 2197 892 Chri-

1234 915 1303 945 stus
1326 912 1531 954 contempsit,
1560 916 1616 945 aut
1647 913 1722 955 quia
1755 913 1893 956 sugimus
1925 922 2005 956 quae
2038 914 2196 946 sustinuit.

1235 965 1389 998 Satellites
1412 966 1496 998 enim
1520 965 1633 999 diaboli
1658 966 1783 999 divitias
1817 967 2020 1009 appetebant,
2053 967 2199 1000 Christus

1235 1027 1355 1061 pauper
1379 1027 1448 1052 esse
1472 1019 1589 1058 voluit;
1625 1020 1798 1053 honoribus
1829 1020 2008 1059 inhiabant,
2042 1029 2100 1053 rex
2130 1020 2198 1053 fieri

1235 1072 1350 1111 noluit;
1375 1072 1501 1105 delicias
1525 1073 1708 1115 cupiebant,
1733 1073 1875 1116 crucifigi
1900 1074 2046 1106 voluit».

1326 1126 1378 1159 94.
1404 1126 1547 1159 Secundo
1570 1127 1754 1160 excluditur
1789 1127 1925 1160 ambitio
1958 1128 1988 1160 in
2021 1128 2080 1160 hoc
2115 1127 2199 1170 quod
2215 1133 2368 1181 ¹²²i¹iiiissfle²m'

1236 1180 1399 1222 sequitur:
1428 1180 1465 1212 Et
1489 1179 1607 1212 turbae
1639 1180 1851 1224 requirebant
1883 1191 1957 1213 eum
1990 1186 2018 1213 et
2041 1185 2200 1213 venerunt
2329 1176 2334 1180 ¹

1236 1233 1364 1277 usque⁷
1388 1233 1435 1266 ad
1458 1233 1578 1276 ipsum.
1604 1234 1670 1266 Non
1695 1234 1761 1276 1053
1785 1243 1818 1267 53
1843 1235 2004 1277 ingerebat
2028 1243 2069 1267 ex
2094 1234 2200 1267 ambi-

1236 1287 1341 1324 tione,-
1365 1285 1449 1319 unde
1472 1287 1590 1319 dicitur
1623 1287 1744 1320 Ioannis
1762 1287 1903 1327 sexto&
1935 1301 1950 1316 «
1967 1288 2026 1329 Qui
2051 1296 2123 1320 cum
2149 1297 2200 1320 co-

1236 1340 1412 1383 gnovisset,
1438 1340 1522 1382 quod
1547 1341 1673 1373 venturi
1694 1344 1809 1380 essent,
1834 1345 1870 1374 ut
1893 1341 2031 1374 facerent
2056 1350 2128 1373 eum
2155 1351 2200 1374 re-

1236 1402 1322 1436 gem,
1347 1393 1426 1436 fugit
1444 1407 1473 1425 ».
1501 1394 1532 1426 In
1557 1403 1621 1436 quo
1644 1394 1768 1433 docuit,
1801 1394 1886 1436 quod
1911 1394 2039 1426 honoris
2062 1394 2200 1427 officium

1237 1457 1299 1480 non
1323 1450 1371 1480 est
1394 1447 1638 1487 assumendum,
1663 1448 1722 1480 nisi
1756 1449 1849 1481 homo
1884 1448 2085 1490 requiratur;
2118 1448 2202 1481 unde

1236 1501 1275 1534 ad
1299 1501 1455 1534 Hebraeos
1479 1501 1607 1543 (111101ος
1639 1515 1654 1530 α
1670 1501 1731 1534 Ν33
1755 1502 1923 1544 (1015(10310
1942 1502 2038 1534 sumit
2063 1502 2120 1534 sibi
2147 1502 2202 1534 ho-

1236 1563 1346 1588 norem
1365 1568 1394 1586 ».

1328 1609 1379 1641 95.
1406 1608 1438 1640 10
1463 1608 1522 1641 1100
1539 1608 1632 1641 311310
1658 1608 1896 1641 commendatur
1922 1609 2046 1641 devotio
2066 1609 2202 1652 populi,
2223 1612 2361 1661 Cgpffgvfflg

1236 1662 1311 1704 quia
1335 1662 1432 1695 latere
1458 1662 1613 1695 volentem
1638 1662 1822 1704 requirebat
1853 1672 1944 1701 eum,
1970 1663 2045 1695 dum
2079 1666 2204 1704 tempus
2231 1666 2314 1694 popufi-

1236 1718 1322 1754 erat;
1348 1715 1443 1748 Isaiae
1467 1715 1730 1762 quinquagesimo
1754 1716 1908 1758 quinto-³:
1939 1730 1955 1744 «
1971 1717 2118 1758 Quaerite
2142 1717 2202 1749 Do-

1237 1768 1369 1806 minum,
1385 1767 1460 1800 dum
1479 1768 1612 1801 inveniri
1630 1772 1771 1810 001351»;
1786 1772 1817 1801 31
1833 1768 1912 1802 0533
1928 1769 2064 1802 decimo:
2083 1783 2098 1798 α
2112 1771 2202 1803 Τ310-

1235 1829 1296 1862 pus
1320 1820 1503 1862 requirendi
1528 1820 1712 1859 Dominum,
1738 1830 1809 1853 cum
1844 1822 1966 1854 venerit
2001 1822 2054 1864 qui
2079 1822 2202 1855 docebit

1236 1883 1291 1906 vos
1315 1873 1467 1906 iustitiam
1483 1886 1514 1911 »;
1540 1877 1571 1906 et
1594 1874 1698 1906 anima
1733 1877 1841 1906 sancta
1876 1875 1907 1906 in
1940 1875 2076 1907 Psalmo:
2108 1889 2122 1903 «
2141 1876 2201 1908 Ex—

1235 1927 1365 1969 quisivit
1388 1929 1419 1959 te
1442 1926 1536 1959 facies
1560 1935 1628 1959 mea
1646 1940 1675 1958 ».
1702 1927 1736 1959 Et
1758 1927 1844 1969 quod
1867 1928 1976 1960 devote
2000 1929 2201 1970 requirerent

1235 1989 1319 2019 eum,
1337 1982 1478 2022 apparet,
1495 1979 1569 2021 quia
1586 1980 1704 2013 scillcet
1720 1984 1879 2012 venerunt
1894 1990 1998 2024 usque
2014 1981 2060 2013 act
2077 1982 2199 2023 ipsum,

1235 2033 1411 2067 secundum
1435 2032 1513 2065 illud
1538 2033 1633 2066 Isaiae
1658 2033 1807 2075 vigesimo
1831 2033 1933 2076 primo
1947 2034 1986 2066 ¹⁰:
2017 2048 2032 2063 α
2050 2035 2080 2067 Si
2104 2044 2200 2077 quae-

1235 2087 1323 2126 ritis,
1347 2086 1507 2129 quaerite,
1533 2087 1751 2119 convertimini
1783 2089 1814 2120 et
1843 2088 1985 2127 venite»;
2009 2088 2093 2121 unde
2125 2089 2201 2122 Mat-

1235 2141 1318 2173 thaei
1343 2140 1526 2173 undecimo:
1557 2153 1573 2169 <t
1589 2140 1698 2173 Venite
1715 2140 1753 2173 ad
1771 2149 1820 2174 me
1836 2150 1962 2181 omnes,
1981 2142 2034 2184 qui
2052 2142 2201 2176 laboratis

1235 2198 1266 2227 et
1288 2189 1409 2226 onerati
1433 2193 1508 2226 estis
1526 2207 1540 2222 »
1570 2197 1628 2226 etc.
1654 2193 1739 2227 Unde
1764 2195 1839 2236 quia
1854 2194 1965 2228 devote
1982 2195 2198 2238 quaesierunt,

1235 2238 1441 2285 invenerunt,
1467 2246 1642 2282 secundum
1666 2245 1743 2280 illud
1779 2248 1953 2290 Sapientiae
1978 2249 2099 2290 01101οῑ
2135 2263 2149 2277 α
2168 2249 2200 2282 In

1235 2300 1432 2342 simplicitate
1456 2299 1560 2333 cordIs
1584 2300 1727 2342 quaerite
1751 2301 1841 2334 illum
1858 2315 1888 2333 υ.
1908 2319 1949 2326 -
1966 2302 2002 2334 Et
2026 2303 2100 2345 quia
2128 2312 2200 2345 per·
2221 2306 2352 2328 Notandum-

1234 2353 1315 2386 fecta
1342 2353 1466 2386 devotio
1498 2363 1559 2386 non
1593 2354 1694 2387 solum
1726 2354 1798 2387 facit
1827 2364 1995 2397 quaerere,
2033 2356 2087 2389 sed
2122 2356 2200 2388 cleti—

1235 2416 1311 2439 nere
1334 2406 1512 2446 inventum;
1539 2406 1607 2440 ideo
1624 2407 1790 2440 subditur:
1814 2409 1853 2440 Et
1880 2408 2065 2441 detinebant
2096 2408 2200 2447 illum,

1235 2470 1275 2493 ne
1306 2460 1483 2493 diseederet
1515 2460 1557 2493 ab
1589 2461 1655 2500 eis,
1688 2461 1862 2494 secundum
1895 2462 1972 2495 illud
2000 2463 2199 2496 Canticorum

1237 2614 1281 2647 lig.
1301 2621 1323 2640 c.
1345 2615 1387 2640 16.
1407 2622 1431 2640 11.
1453 2615 1501 2641 31:
1525 2624 1537 2638 ει
1553 2615 1678 2640 5313111135
1694 2615 1860 2647 voluptatum
1874 2615 1979 2641 dlvitias
2000 2610 2145 2647 perniciose
2158 2623 2202 2648 po-

1237 2660 1291 2693 puli
1311 2659 1480 2693 appetebant,
1501 2668 1603 2693 pauper
1622 2667 1680 2687 esse
1699 2661 1790 2687 voluit.
1811 2660 1960 2687 Honoribus
1986 2664 2011 2686 et
2031 2660 2147 2692 imperiis
2166 2661 2203 2685 in-

1237 2705 1356 2737 hiabant,
1377 2712 1421 2732 rex
1441 2705 1497 2731 lieri
1522 2705 1630 2731 noluit...
1650 2706 1758 2732 Dolores
1777 2706 1896 2738 corporis
1921 2705 2136 2736 exsecrabantur,
2160 2706 2203 2731 lla—

1236 2751 1346 2781 gellatus
1365 2754 1444 2784 atque
1464 2750 1597 2776 cruciatus
1616 2753 1662 2776 est.
1683 2750 1745 2776 Mori
1765 2751 1930 2780 metuebant,
1958 2753 2043 2776 morte
2062 2751 2202 2776 mulctatus

1236 2799 1283 2821 est.
1303 2796 1585 2828 Ignominiosissimum
1612 2795 1704 2821 mortis
1729 2802 1812 2827 genus
1832 2802 1937 2821 crucem
1957 2794 2097 2828 putabant,
2119 2795 2202 2820 cruci-

1237 2839 1302 2865 fixus
1322 2842 1368 2865 est.
1389 2840 1492 2872 Omnia,
1511 2847 1580 2873 quae
1601 2838 1699 2865 habere
1717 2840 1866 2872 cupientes,
1881 2847 1933 2865 non
1946 2843 2016 2865 recte
2029 2838 2200 2870 vivebamus,

1236 2885 1351 2910 carendo
1370 2884 1491 2910 vilefecit.
1511 2884 1618 2911 Omnia.
1638 2891 1706 2917 quae
1726 2885 1809 2910 vitare
1829 2884 1972 2916 cupientes,
1986 2891 2001 2909 a
2015 2884 2101 2910 studio
2115 2884 2202 2909 dexia-

1237 2928 1332 2955 bamus
1351 2929 1481 2960 veritatis,
1495 2929 1668 2961 perpetiendo
1687 2929 1788 2955 delecit.
1805 2929 1860 2954 Non
1879 2929 1948 2954 enim
1963 2929 2042 2954 ullum
2063 2932 2201 2960 peccatum

1236 2974 1364 3000 committi
1378 2976 1476 3006 potest,
1487 2973 1536 2999 nisi
1547 2977 1592 2999 aut
1602 2973 1666 2999 dum
1677 2976 1836 3005 appetuntur
1846 2980 1876 2998 ea
1891 2980 1960 3006 quae
1975 2973 2016 2998 ille
2030 2973 2200 3005 contempsit,

1235 3021 1281 3044 aut
1296 3018 1432 3050 fugiuntur
1444 3024 1513 3051 quae
1530 3018 1570 3043 ille
1580 3017 1700 3043 sustinuit
1712 3027 1736 3042 n.
1747 3017 1796 3043 Pro
1809 3016 1916 3043 divitias
1929 3016 2087 3050 appetebant
2099 3016 2118 3043 C
2127 3017 2201 3043 DFG

1235 3061 1345 3090 delictas
1364 3061 1531 3096 appetebant.

1306 3104 1316 3120 ⁷
1337 3107 1427 3132 Plures
1450 3106 1528 3132 codd.
1558 3106 1680 3132 omittunt
1706 3112 1811 3139 usqum
1836 3105 1906 3131 idem
1930 3106 2040 3132 recurrit
2069 3107 2200 3139 aliquanto

1235 3151 1351 3177 inferius.

1306 3193 1317 3209 ⁸
1337 3195 1413 3221 Vers.
1434 3195 1476 3221 15.
1495 3209 1530 3214 -
1550 3194 1667 3221 Subinde
1685 3195 1813 3227 allegatur
1826 3194 1904 3221 Hebr.
1926 3196 1954 3227 5,
1977 3195 1999 3221 4.
2019 3208 2054 3215 —
2074 3196 2201 3228 Superius

1235 3243 1295 3273 post
1313 3247 1348 3267 esc
1367 3238 1512 3267 ambitium
1533 3240 1590 3266 Vat.
1610 3239 1701 3266 addit(
1716 3238 1764 3266 sed
1782 3239 1824 3266 illi
1841 3239 2007 3274 quaerebant
2025 3247 2087 3266 eum
2107 3247 2142 3266 est
2161 3239 2201 3266 de·

1235 3284 1348 3312 votione.

1306 3326 1317 3342 ⁹
1337 3329 1403 3354 Vers
1422 3329 1446 3354 6.
1462 3343 1496 3347 —
1510 3329 1566 3355 Duo
1580 3336 1655 3362 seqq.
1675 3329 1724 3355 loci
1737 3333 1798 3355 sunt
1816 3329 1882 3355 Osee
1906 3329 1949 3360 10,
1969 3330 2006 3354 12.
2021 3333 2046 3355 et
2058 3329 2098 3354 Ps.
2114 3329 2160 3360 26,
2175 3329 2200 3354 8.

1306 3369 1328 3385 ²⁰
1348 3370 1423 3396 Vers.
1444 3371 1490 3401 ⁴2,
1510 3374 1570 3403 post
1588 3378 1668 3402 quem
1689 3372 1776 3396 Matth.
1797 3372 1843 3402 11,
1864 3372 1907 3396 28.
1926 3375 1951 3396 et
1971 3372 2031 3402 Sap.
2054 3373 2076 3400 l,
2098 3372 2120 3394 t.
