2427 3872
389 210 452 237 COL

103 255 235 282 unctionis
262 253 323 281 ibid.
351 268 389 274 —
415 257 475 286 post
503 253 634 280 diluvium
661 253 746 279 attulit

102 306 208 326 ramum
232 298 448 325 virentis·olivae
466 297 528 324 ibid.
548 312 582 316 ——
601 296 745 324 Columbae

103 346 165 370 sunt
184 344 254 372 dona
274 342 386 376 Spiritus
405 342 486 369 sancti
507 342 539 369 V⁴
559 341 611 368 274
630 342 674 368 25.
693 341 745 367 275

104 388 139 414 29
148 401 185 408 -
194 387 282 414 minus
291 386 500 413 dehonestabant
509 387 637 419 templum
648 386 701 412 275
711 386 745 413 29

156 445 194 452 --
201 431 323 464 designat
332 438 473 464 personam
487 431 600 464 Spiritus
608 430 693 458 sancti
703 430 745 456 Vll

105 477 138 502 83
149 475 183 502 53
196 490 232 496 -
244 475 300 502 Sub
313 475 451 502 columbae
460 475 549 508 specie
562 475 674 507 Spiritus
687 481 747 501 san-

104 525 161 549 ctus
173 520 296 553 apparuit
314 520 340 547 in
359 519 492 552 baptismo
507 519 602 546 Christi
621 522 647 546 et
665 517 747 545 illabi-

104 568 146 591 tur
165 563 350 597 incipientibus
366 563 430 591 ibid.
449 578 485 583 —-
502 564 651 596 specialiter
663 565 747 589 osteu-

104 608 185 636 debat
203 609 330 642 Spiritum
350 612 469 635 sanctum
489 608 522 634 vt
541 608 589 634 261
614 608 647 633 69

156 667 193 674 -
205 654 254 681 Ρ81·
266 653 417 679 columbam
428 653 583 685 intelligitur
596 652 648 679 vita
662 652 747 678 activa

104 697 148 724 Vll
162 697 196 724 57
209 697 244 724 54
261 713 298 717 -
317 697 447 730 gemitum
460 697 539 723 habet
552 704 602 730 pro
615 699 692 723 cantu
712 696 745 723 ib.

104 742 138 769 57
157 756 193 763 --
211 742 329 769 Gemitus
347 741 487 769 columbae
510 742 636 774 competit
655 741 747 768 activis

103 786 166 814 ibid.
175 800 212 807 -
223 787 342 813 Gemitus
354 786 493 813 columbae
506 789 546 812 est
558 786 664 819 duplex,
679 793 747 812 unus

103 838 153 864 pro
167 831 281 864 peccatis
299 831 427 864 propriis,
440 832 504 857 alter
517 838 566 863 pro
579 831 671 857 alienis
683 830 744 857 ibid.

157 875 301 902 Cottvntun
320 889 356 896 —
370 876 444 909 quod
458 877 584 901 humores
598 875 746 908 restringit,

104 920 235 953 significat
253 921 339 946 carnis
357 921 585 947 mortificationem
606 921 638 946 Vl
658 920 709 946 580
728 920 744 946 7

157 964 278 992 Cotuumt
296 979 333 985 —
350 965 421 998 ignis
434 968 460 992 et
472 965 551 992 nubis
565 965 695 998 significat
708 972 747 992 sa-

103 1010 230 1043 pientiam
249 1010 283 1036 Vl
305 1010 356 1036 ⁴53
375 1017 401 1036 v,
419 1010 527 1036 12.176
540 1017 568 1036 v.
582 1010 616 1036 17
628 1010 747 1042 —ignis

103 1054 238 1082 Hebraeos
256 1054 436 1081 concomitans
456 1055 491 1081 de
515 1057 592 1081 nocte
614 1061 666 1081 non
685 1054 748 1080 ami-

103 1099 184 1132 gebat
201 1098 259 1126 sive
277 1106 329 1125 non
347 1098 442 1125 urebat
463 1100 515 1125 232
537 1106 564 1125 ν.
587 1100 621 1125 20
642 1113 679 1118 -
698 1100 747 1125 Ρ81·

103 1144 254 1172 columnam
264 1143 343 1170 nubis
353 1143 502 1176 intelligitur
512 1144 538 1170 in
548 1143 651 1170 Christo
661 1150 747 1170 exem-

102 1188 178 1221 plum
197 1188 281 1221 vitae,
295 1195 346 1220 ,per
358 1189 508 1215 columnam
528 1189 597 1221 ignis
609 1188 745 1222 eloquium

103 1233 238 1259 doctrinae
257 1233 303 1259 621
329 1234 345 1259 2

156 1276 295 1304 Consuant:
314 1291 349 1296 -—
367 1277 480 1310 pertinet
498 1277 532 1303 ad
554 1277 745 1304 iucunditatem

102 1321 258 1348 exteriorem
279 1322 313 1349 Vl
333 1321 366 1347 48
384 1329 410 1348 ν.
431 1321 464 1347 17
476 1336 512 1341 ·—-
525 1321 674 1349 Comedens
687 1323 746 1348 rrui-

103 1370 146 1393 tur
164 1366 242 1393 bonis
260 1366 295 1392 de
312 1365 402 1392 labore
427 1373 476 1392 suo
500 1367 534 1392 33
554 1374 581 1393 v.
600 1367 634 1393 ⁴3
652 1380 689 1387 —
707 1370 748 1393 est

102 1411 212 1437 credere
230 1411 282 1437 328
302 1410 338 1437 57
355 1425 390 1430 -
409 1414 450 1437 est
467 1411 610 1443 intelligere
631 1411 747 1438 difficilia

102 1455 137 1482 de
155 1455 289 1488 Scriptura
309 1456 343 1481 33
361 1462 388 1481 v.
409 1455 442 1482 ⁴3

157 1514 192 1519 -
201 1500 401 1527 Comedendum
412 1503 452 1527 est
461 1502 526 1527 hora
536 1500 624 1527 debita
635 1504 695 1534 post
704 1508 746 1527 ne-

103 1545 175 1578 gotia
190 1546 311 1578 expedita
321 1546 355 1571 vt
365 1546 399 1571 86
410 1553 437 1572 v.
449 1545 482 1572 ⁴7
495 1559 530 1566 -
543 1545 744 1572 Comedeudum

102 1593 142 1616 est
157 1590 192 1616 ad
204 1590 391 1622 reficiendum,
410 1597 464 1616 non
483 1590 518 1616 ad
530 1591 659 1617 luxuriam
679 1582 742 1617 ib‘id.

155 1634 368 1661 Comurnsunmo
386 1650 422 1654 —
440 1635 514 1661 Nulla
526 1638 645 1662 creatura
659 1638 745 1668 potest

103 1679 127 1706 in
141 1679 229 1713 aliquo
242 1683 311 1706 statu
324 1680 378 1706 Deo
392 1680 601 1706 commensurari
616 1680 648 1705 Vl
662 1680 713 1706 536
728 1680 743 1705 8

156 1724 314 1751 Comum-rio
339 1738 374 1744 —-
398 1728 437 1751 est
464 1725 584 1757 poenalis
611 1725 744 1750 vindictae

101 1769 145 1795 Vll
163 1769 198 1795 73
219 1769 252 1795 14
271 1784 307 1788 -——
325 1772 411 1802 potest
434 1776 492 1795 esse
511 1770 544 1795 de
569 1770 699 1802 praesenti
718 1772 744 1795 et

100 1813 135 1840 de
154 1815 242 1840 tuturo
261 1813 296 1839 74
316 1814 364 1845 20,
384 1814 412 1851 21
435 1827 472 1833 -
490 1814 539 1839 Per
563 1813 743 1840 comminatio-

101 1865 148 1884 nes
166 1861 289 1884 movetur
314 1858 452 1884 irascibilis
477 1859 511 1884 90
534 1858 550 1884 5
569 1872 606 1878 -
623 1857 743 1884 Christus

100 1902 277 1929 comminatur
295 1906 410 1936 quatuor
435 1909 485 1928 vae
503 1906 618 1935 quatuor
641 1903 744 1935 generi-

100 1946 152 1973 bus
171 1947 300 1973 malorum
321 1947 368 1972 ⁴5⁴
393 1947 427 1973 58

153 1990 297 2017 Comuxrio
312 2005 349 2011 —
361 1991 529 2018 diversorum
542 1991 675 2024 prohibita
686 1995 744 2018 erat

100 2035 126 2061 in
144 2036 215 2068 Lege
233 2035 278 2061 Vll
299 2031 350 2061 ⁴33
370 2037 404 2061 83

154 2079 312 2107 Counomnt:
330 2095 366 2100 —
392 2080 453 2107 Vide
470 2088 495 2107 v.
514 2081 652 2108 Mutuum.

154 2124 298 2152 Coumonuu
321 2139 358 2145 —
381 2126 507 2152 Malorum
533 2126 644 2159 quilibet
665 2133 743 2160 quae-

100 2169 134 2196 rit
157 2170 296 2202 proprium
321 2170 494 2197 commodum
519 2171 552 2197 Vl
575 2171 625 2197 476
653 2170 686 2197 42
707 2186 743 2190 -—

99 2215 183 2241 Nemo
200 2217 318 2247 reportat
335 2215 508 2249 commodum
527 2215 561 2241 de
580 2216 676 2241 malitia
695 2223 743 2242 sua

102 2258 136 2286 45
155 2267 182 2293 q.
202 2260 212 2285 ⁴
238 2259 266 2285 ⁴⁴¹

155 2303 287 2330 Conuorro
299 2319 336 2324 —
353 2306 485 2331 humanae
499 2305 593 2331 mentis
605 2312 653 2337 per
666 2305 744 2337 inspi-

101 2349 231 2375 rationem
250 2349 368 2375 divinam
388 2350 422 2375 ad
445 2350 563 2375 dolorem
582 2353 657 2376 sanat
675 2349 743 2375 111111·-

102 2400 161 2420 mos
179 2394 213 2419 Vl
233 2394 285 2420 560
307 2394 316 2420 ⁴

155 2438 280 2465 Gonnum:
296 2437 334 2458 '—
352 2439 504 2465 Secundum
524 2445 582 2465 esse
601 2445 744 2464 commune

101 2483 183 2509 multa
202 2485 262 2509 sunt
280 2490 408 2515 perpetua
427 2483 460 2509 Vl
480 2483 514 2509 34
533 2491 560 2516 q.

112 2535 114 2537 ’
155 2526 345 2554 Conuumcxrio
358 2543 393 2546 —
406 2527 561 2554 idiomatum
581 2530 620 2553 est
636 2530 743 2560 propter

100 2572 309 2598 convenientiam
328 2573 355 2599 in
375 2579 425 2598 una
439 2572 573 2605 hypostasi
592 2572 625 2598 Vl
642 2572 689 2597 38⁴
708 2572 742 2597 53

100 2629 137 2636 -
146 2617 215 2643 111313
228 2617 339 2643 infirmis
351 2617 516 2650 prohibetur,
529 2623 562 2642 ne
572 2623 743 2648 corrumpan-

101 2663 144 2687 tur
162 2661 206 2687 Vll
226 2661 272 2687 ⁴3⁴
295 2661 330 2687 74

155 2705 318 2732 Con-mmo
336 2720 373 2725 —
385 2705 497 2732 abusiva
517 2706 550 2731 Vl
570 2705 603 2731 57
623 2712 650 2731 v.
669 2705 693 2730 9.
707 2719 743 2724 -

101 2750 183 2776 Nemo
208 2757 236 2776 se
264 2750 322 2776 aliis
348 2757 503 2782 comparare
529 2752 681 2781 praesumat
698 2749 742 2775 Vll

100 2794 153 2820 364
172 2795 206 2820 20
730 2827 732 2830 ‚

155 2838 292 2865 Conmssio
311 2852 347 2858 —
366 2845 429 2864 vera
449 2838 490 2864 illa
503 2841 556 2869 est,
575 2838 601 2863 in
620 2844 674 2870 qua
688 2838 743 2863 vul-

101 2886 208 2909 neratur
226 2883 402 2915 compatiens,
421 2890 474 2908 non
487 2882 512 2908 in
526 2889 579 2915 qua
593 2882 742 2907 damnifica-

101 2930 144 2953 tur
162 2927 242 2954 miser
266 2927 300 2953 Vl
320 2927 354 2953 84
373 2935 399 2960 q.
419 2941 454 2947 —
473 2927 575 2952 interna
593 2925 741 2952 exhibenda

101 2971 226 2998 omnibus
245 2972 287 2998 Vll
309 2971 360 2998 ⁴55
378 2971 408 2996 7⁴
432 2986 468 2990 —
481 2971 563 2997 oritur
572 2977 606 2997 ex
626 2970 743 2996 conside-

100 3016 201 3042 ratione
219 3016 336 3042 detectus
349 3016 459 3041 fratrum
473 3015 505 3041 Vl
520 3015 571 3040 319
586 3015 595 3040 1
608 3015 613 3040 Ι
632 3029 668 3033 —
680 3021 743 3040 cau-

101 3063 173 3087 satur
190 3067 221 3086 ex
240 3060 449 3086 consideratione
467 3059 581 3092 proximi
600 3059 651 3084 586
672 3060 688 3085 2
706 3072 743 3079 —-

100 3105 214 3131 Tristitia
243 3105 434 3137 compassionis
458 3104 553 3130 accidit
581 3104 682 3130 homini
711 3111 742 3130 ex

102 3149 311 3175 consideratione
329 3149 440 3181 proximi
458 3148 509 3174 607
531 3150 540 3174 -1
564 3162 600 3168 -
618 3148 743 3180 Compas-

102 3193 182 3219 sionis
201 3196 367 3225 unguentum
386 3193 523 3220 coniicitur
546 3200 578 3219 ex
602 3192 743 3225 speciebus

101 3237 288 3269 amarissimis,
306 3237 334 3263 id
352 3240 392 3263 est
410 3236 535 3263 omnibus
554 3237 667 3263 miseriis
685 3243 744 3268 pro-

101 3281 233 3308 ximorum
252 3282 295 3307 Vll
315 3281 366 3307 586
385 3282 420 3308 72
439 3295 475 3302 -
494 3282 585 3308 Nullus
607 3282 663 3307 sine
675 3288 744 3307 com-

102 3326 225 3358 passione
242 3325 323 3352 debet
340 3326 447 3358 praefici
467 3326 500 3352 Vl
520 3326 571 3352 319
591 3326 619 3352 11

212 3379 243 3406 S.
259 3379 365 3406 Bonav.
383 3393 419 3398 —
431 3380 508 3405 Tom.
521 3379 566 3405 Vll

773 164 810 198 IN
833 163 1128 197 COMMENTARIOS
1151 164 1180 196 S.
1205 164 1432 198 SCRIPTURAE

836 265 872 270 —
884 251 963 277 Dolor
976 251 1167 283 compassionis
1181 252 1312 278 invenitur
1329 253 1356 278 in
1370 259 1426 285 pas-

783 296 856 322 sione
873 294 969 321 Christi
989 302 1020 320 ex
1038 295 1213 321 amaritudine
1232 296 1264 321 Vt
1285 296 1335 321 6⁴3
1356 296 1371 322 4
1392 311 1424 316 --

783 340 831 365 Per
854 339 1018 372 spiritualem
1042 340 1252 371 compassionem
1278 341 1426 366 communi-

782 387 857 410 catur
875 384 947 410 calici
966 383 1061 410 Christi
1082 382 1144 410 ibid.
1163 397 1198 403 --
1217 383 1336 416 Compati
1356 384 1427 410 Chri-

783 431 823 454 sto
851 431 891 454 est
918 427 1050 454 laudabile
1079 427 1130 454 463
1156 428 1189 453 36
1219 435 1276 460 arg.
1303 430 1325 461 ⁴,
1346 427 1363 453 b
1391 443 1425 447 -

783 473 873 499 Nullus
891 472 1076 504 compatiendo
1099 472 1252 498 recordatus
1274 476 1313 499 est
1330 473 1425 500 Christi

782 517 817 544 78
838 524 864 543 v.
885 517 919 543 ⁴5

836 574 872 581 —
891 564 930 587 est
949 563 1130 593 unguentum,
1149 568 1203 594 quo
1223 562 1329 593 ungitur
1343 564 1425 587 totum

784 605 887 632 Domini
900 612 999 638 corpus
1012 605 1045 631 Vl
1060 605 1111 633 412
1127 605 1159 631 10
1177 605 1240 632 Vide
1251 613 1277 632 v.
1290 605 1427 632 Mulieres.

784 665 818 668 —
837 657 898 676 cum
912 649 1014 676 Christo
1037 650 1199 682 significatur
1211 657 1259 683 per
1277 651 1426 676 unctionem

784 694 883 727 pedum
903 698 929 720 et
941 694 1035 727 capitis
1054 694 1105 720 593
1125 702 1153 721 v.
1172 695 1187 720 3
1201 709 1236 713 -—
1249 695 1342 721 Anima
1358 701 1426 720 com-

784 739 881 771 patitur
901 738 1003 765 Christo
1022 746 1054 765 ex
1079 739 1289 765 consideratione
1313 739 1427 765 afflictio-

784 784 825 809 nis
850 784 1019 810 humanitatis
1045 787 1071 810 et
1094 784 1255 816 dignationis
1280 784 1427 810 Divinitatis

783 827 846 855 ibid.
863 842 899 848 —
917 832 957 854 est
976 829 1067 855 vinum
1088 829 1188 861 gratiae
1208 829 1260 854 547
1280 828 1296 854 5

836 872 1002 900 Coursnntuu
1023 887 1056 892 —-
1074 873 1171 900 dicitur
1189 873 1232 899 via
1251 880 1426 906 supereroga-

784 917 886 944 tionum
906 917 938 943 Vl
958 918 1009 944 583
1032 918 1041 943 «1

837 962 1028 988 Courneneusro
1047 977 1083 981 —
1101 965 1141 989 est
1165 969 1213 995 per
1239 962 1425 995 inclusionem,

784 1014 832 1040 per
850 1009 970 1039 apertam
989 1007 1133 1040 visionem,
1153 1014 1200 1039 per
1214 1007 1277 1033 [idei
1295 1010 1321 1033 et
1334 1006 1427 1033 carita-

784 1052 816 1078 tis
835 1051 1022 1077 adhaesionem
1042 1051 1074 1077 Vl
1094 1051 1146 1078 250
1167 1052 1200 1077 16
1220 1051 1249 1078 2·
1268 1065 1302 1070 —-—
1323 1052 1393 1077 Deus
1411 1058 1425 1077 a

783 1097 854 1123 nullo
873 1096 1108 1129 comprehenditur
1131 1103 1179 1129 per
1198 1096 1385 1128 inclusionem,
1412 1103 1426 1121 a

784 1141 869 1167 Beatis
882 1148 930 1174 per
942 1143 1062 1173 apertam
1077 1141 1221 1174 visionem,
1236 1148 1250 1167 a
1265 1141 1366 1167 Sanctis
1377 1147 1427 1173 per

783 1186 844 1212 fidei
857 1188 884 1212 et
896 1186 1010 1212 caritatis
1022 1186 1210 1213 adhaesionem
1223 1185 1286 1212 ibid.
1298 1200 1335 1206 —
1352 1185 1428 1212 Com-

783 1232 959 1263 prehensores
978 1230 1070 1257 vident
1087 1230 1114 1256 in
1133 1231 1249 1257 claritate
1268 1231 1320 1257 324
1340 1231 1374 1257 33
1391 1245 1428 1250 —-

783 1278 823 1304 est
849 1282 898 1308 per
926 1275 1097 1302 inclusionem
1125 1276 1168 1301 vel
1196 1276 1428 1302 commensuratio-

783 1327 859 1352 nem,
878 1320 919 1346 vel
939 1327 987 1353 per
1006 1323 1125 1353 apertam
1148 1320 1293 1353 visionem,
1319 1321 1361 1347 vel
1380 1327 1428 1353 per

784 1365 846 1391 fidei
874 1368 900 1391 et
928 1365 1042 1391 caritatis
1069 1365 1257 1391 adhaesionem
1284 1365 1336 1392 536
1357 1366 1372 1391 8
1391 1361 1428 1386 -”

784 1410 854 1436 Deus
872 1417 887 1435 a
907 1410 976 1436 nulla
995 1413 1114 1436 creatura
1133 1410 1367 1442 comprehenditur
1380 1417 1428 1442 per

784 1454 956 1481 inclusionem
985 1453 1049 1481 ibid.
1067 1468 1103 1474 -—
1121 1455 1212 1481 Nullus
1236 1455 1318 1481 miser
1342 1455 1427 1481 Deum

783 1499 985 1531 comprehendit
1011 1502 1102 1531 aperta
1133 1499 1236 1526 visione
1267 1499 1319 1525 537
1347 1500 1363 1525 8
1394 1513 1426 1518 —

783 1544 854 1570 Deus
872 1551 926 1570 non
944 1544 1179 1576 comprehenditur
1204 1551 1219 1569 a
1243 1543 1427 1576 peccatoribus

783 1595 830 1621 per
841 1588 1027 1614 adhaesionem
1041 1588 1104 1614 fldci
1116 1591 1142 1614 et
1153 1589 1268 1615 caritatis
1281 1589 1377 1615 25016
1389 1588 1425 1615 2*,

782 1633 835 1660 537
855 1634 869 1659 8
889 1648 924 1651 -
944 1633 1010 1660 lucis
1027 1633 1076 1659 erit
1094 1633 1121 1659 in
1141 1634 1229 1659 futuro
1248 1633 1299 1659 358
1320 1634 1354 1659 18

835 1677 995 1704 ΟοΜΡυΝετιο
1014 1692 1049 1697 -
1072 1681 1161 1704 ortum
1187 1678 1266 1704 hahet
1289 1685 1320 1704 ex
1343 1678 1427 1704 consi-

782 1723 918 1749 deratione
944 1723 1044 1755 proprii
1074 1723 1176 1755 peccati
1202 1723 1234 1748 Vl
1264 1723 1316 1748 3⁴9
1337 1723 1365 1748 ⁴⁴
1390 1736 1426 1742 —

780 1767 859 1793 datur
877 1774 891 1792 a
911 1767 966 1793 Deo
985 1767 1031 1793 271
1058 1767 1100 1793 13.
1119 1766 1171 1792 304
1191 1768 1224 1793 12
1244 1781 1279 1787 -
1298 1767 1427 1793 converti-

781 1812 867 1838 turin
892 1812 1058 1838 dulcedinem
1083 1812 1233 1838 devotionis
1258 1812 1305 1838 271
1337 1812 1370 1838 13
1390 1827 1425 1830 -

781 1857 841 1883 Post
859 1857 1091 1889 compunctionem
1110 1857 1231 1890 sequitur
1255 1857 1362 1883 devotio
1383 1857 1424 1883 Vll

782 1901 833 1927 432
855 1902 887 1926 19
908 1915 941 1919 —-
956 1902 1003 1927 Per
1023 1902 1153 1933 gemitum
1166 1901 1376 1934 compunctionis
1389 1901 1425 1926 in-

782 1948 871 1971 ternae
889 1945 999 1979 quilibet
1026 1946 1180 1972 convivium
1209 1950 1284 1978 parat
1308 1946 1355 1972 431
1390 1946 1423 1971 19

781 2004 817 2010 -
834 1994 875 2016 est
892 1991 983 2016 vinum
1003 1991 1104 2023 gratiae
1117 1990 1150 2016 Vl
1170 1990 1223 2017 547
1242 1990 1259 2016 5
1272 2005 1307 2009 ——
1320 1998 1372 2017 non
1385 1994 1424 2016 est

781 2035 808 2061 in
827 2035 950 2067 superbis
969 2035 1020 2061 304
1042 2036 1074 2061 12
1093 2049 1129 2055 -
1147 2039 1317 2068 peccatorum
1337 2042 1423 2061 ueces-

781 2079 850 2105 saria
863 2080 897 2106 ad
915 2080 1080 2106 sanationem
1099 2080 1151 2105 560
1172 2080 1182 2106 1

834 2124 987 2151 Courunns
1005 2139 1041 2144 —
1059 2128 1099 2151 est
1117 2124 1274 2157 praevidere
1293 2131 1340 2156 per
1359 2124 1424 2150 solli-

782 2169 860 2195 citam
880 2169 1117 2195 considerationem
1139 2169 1180 2195 Vll
1199 2169 1251 2195 377
1272 2169 1305 2194 58

835 2213 979 2240 Coucerrus
997 2228 1033 2233 —
1051 2214 1144 2240 Modus
1169 2213 1335 2246 concipiendi
1355 2220 1423 2239 unus

781 2261 821 2284 est
839 2259 964 2291 carnalis,
983 2259 1049 2284 alius
1067 2259 1208 2291 spiritualis
1226 2262 1252 2284 et
1271 2259 1362 2284 tertius
1379 2258 1423 2283 ad-

781 2303 908 2329 mirabilis
932 2306 958 2329 et
976 2303 1118 2335 singularis
1136 2303 1179 2328 Vll
1199 2302 1233 2328 24
1253 2303 1286 2328 60
1305 2316 1342 2322 -—
1359 2301 1424 2328 Con-

781 2351 887 2380 ceptum
907 2348 963 2373 sine
987 2347 1095 2375 libidine
1119 2348 1239 2380 sequitur
1256 2349 1348 2379 partus
1367 2347 1422 2372 sine

781 2392 952 2424 parturitione
972 2395 997 2417 et
1009 2392 1101 2418 dolore
1117 2390 1150 2418 ib.
1171 2392 1205 2417 55
1414 2424 1417 2426 -

834 2450 869 2456 -
887 2436 1014 2462 sterilium
1033 2436 1175 2468 praecessit
1194 2438 1351 2467 conceptum
1367 2435 1421 2460 Vir—

780 2481 850 2513 ginis
870 2480 906 2506 ad
930 2481 1009 2506 istum
1037 2480 1221 2512 figurandum,
1239 2478 1421 2511 praenuntian-

779 2525 845 2551 dum
865 2528 890 2550 et
909 2524 1101 2550 testificandum
1122 2524 1164 2549 Vll
1184 2524 1218 2549 26
1237 2523 1272 2549 65
1285 2537 1320 2542 -
1334 2523 1422 2549 Salva-

781 2569 844 2595 toris
863 2569 909 2594 suit
921 2569 947 2594 in
965 2568 1149 2594 secundatione
1168 2567 1296 2599 Virginis,
1315 2567 1370 2592 Deo
1389 2567 1422 2592 81-

780 2614 896 2644 ssciente,
915 2613 1014 2644 Angelo
1033 2612 1169 2638 nuntiante
1187 2615 1213 2637 et
1231 2611 1341 2643 Virgine
1363 2618 1422 2637 con-

779 2658 905 2684 sentiente
925 2658 958 2683 20
979 2657 1011 2682 40

833 2717 868 2721 -
878 2702 971 2727 Anima
985 2701 1114 2733 peccatrix
1130 2701 1247 2733 concipit
1260 2708 1307 2733 per
1321 2700 1421 2733 peccati

780 2747 1019 2779 concupiscentiam
1041 2746 1083 2772 Vll
1104 2746 1155 2771 532
1172 2745 1206 2771 36

833 2791 1009 2817 Coxctounoa
1026 2804 1064 2810 -
1081 2790 1177 2816 dicitur
1201 2790 1301 2815 ratione
1320 2789 1420 2821 sapien-

780 2836 830 2861 tiae
850 2836 882 2861 V⁴
904 2836 936 2861 ⁴7
956 2843 982 2861 v.
1001 2836 1033 2861 12
1052 2849 1088 2853 -
1107 2841 1164 2860 esse
1177 2841 1229 2860 non
1249 2836 1335 2866 potest
1346 2833 1420 2866 quis,

779 2880 829 2906 nisi
847 2880 881 2905 sit
899 2880 1004 2911 sapiens
1023 2879 1038 2904 9
1059 2886 1084 2904 v.
1105 2879 1115 2903 ⁴

833 2924 975 2951 Conconnn
995 2937 1031 2943 -
1050 2924 1097 2949 Per
1115 2922 1285 2949 concordiam
1308 2921 1422 2948 caritatis

780 2971 860 2995 homo
888 2969 977 2994 unitur
1004 2975 1066 2994 cum
1086 2968 1206 2999 proximo
1226 2967 1260 2992 Vl
1279 2966 1330 2992 609
1351 2967 1366 2991 3
1386 2980 1420 2984 -

780 3015 888 3039 fratrum
914 3012 1116 3039 commendatur
1140 3011 1175 3038 ib.
1195 3011 1219 3037 4.
1245 3011 1288 3036 vu
1315 3010 1366 3036 142
1385 3011 1419 3036 32

784 3058 847 3084 Vide
873 3065 899 3084 v.
929 3057 1032 3084 Unitas.
1050 3071 1085 3075 —
1105 3057 1204 3082 Parvae
1230 3062 1274 3081 res
1301 3057 1422 3081 crescunt

776 3102 920 3128 concordia
942 3102 983 3127 Vll
1003 3101 1050 3127 291
1076 3101 1109 3127 44
1128 3114 1165 3120 -—
1183 3099 1310 3126 mirabilis
1335 3099 1362 3124 in
1385 3099 1422 3124 di-

780 3147 888 3179 scipulis
906 3146 1001 3172 Christi
1020 3146 1053 3171 Vl
1075 3145 1126 3171 475
1146 3145 1180 3171 39

833 3190 1043 3217 ΟοΝευριεεεΝτιΑ
1054 3205 1089 3208 -
1099 3192 1139 3216 est
1150 3189 1249 3215 malum
1263 3188 1365 3220 cnlpae,
1375 3187 1421 3213 sed

781 3235 860 3261 habet
870 3235 1058 3261 iucunditatem
1069 3234 1102 3260 Vi
1110 3234 1144 3259 27
1154 3241 1182 3259 v.
1191 3233 1226 3259 24
1235 3247 1271 3251 —-
1281 3232 1423 3258 Causalitas

782 3279 1011 3312 concupiscentiae
1028 3286 1081 3304 non
1100 3278 1147 3304 suit
1166 3284 1181 3303 a
1195 3278 1264 3308 Deo,
1283 3276 1330 3302 sed
1343 3283 1358 3301 a
1372 3276 1423 3308 pri-

783 3331 826 3350 mo
846 3327 954 3356 peccato
980 3323 1013 3349 63
1039 3331 1067 3349 v.
1085 3323 1120 3348 30
1138 3336 1175 3342 -
1193 3321 1321 3353 originem
1344 3320 1424 3347 habet

2036 172 2094 203 721

1754 211 1816 238 (3οΝ

1463 253 1497 279 ab
1517 254 1652 280 infectione
1671 258 1780 281 naturae
1800 256 1841 282 Vll
1864 257 1913 282 128
1934 258 1966 282 60
1985 271 2021 277 —-
2041 266 2100 289 pro—

1463 301 1520 329 pter
1539 302 1676 330 peccatum
1696 300 1821 332 originale
1842 301 1887 326 suit
1907 302 1982 327 nobis
2004 303 2098 328 inflicta

1464 342 1514 368 176
1534 343 1568 368 45
1586 357 1621 361 --
1641 344 1688 369 Per
1707 345 1833 376 originale
1852 351 1988 377 peccatum
2009 354 2101 373 omncs

1464 386 1487 411 in
1508 389 1616 418 puteum
1630 389 1857 419 concupiscentiae
1867 390 1933 421 lapsi
1953 397 2045 416 sumus
2061 392 2101 417 Vll

1463 430 1510 456 301
1537 431 1569 456 13
1586 445 1624 450 -—
1643 433 1662 457 Α
1683 436 1763 463 puteo
1782 434 2007 465 concupiscentiae
2032 435 2102 461 Chri-

1463 477 1518 500 stus
1537 482 1584 501 nos
1602 476 1712 501 extrahit
1731 477 1773 502 die
1791 478 1940 509 sepulturae
1959 486 2021 504 suae
2040 479 2101 505 ibid.

1517 533 1551 537 ——
1569 523 1609 545 est
1622 526 1705 551 poena
1720 522 1818 552 peccati
1839 526 1864 547 et
1877 524 1978 548 occasio
1993 524 2024 549 vt
2039 524 2072 549 62
2087 532 2100 549 a

1463 577 1498 582 —
1518 556 1720 595 cst‘periculosa
1741 564 1799 591 ibid.

1517 621 1552 625 —
1571 608 1657 634 carnis
1684 609 1845 640 significatur
1874 617 1920 642 per
1949 612 2101 643 languorem

1465 652 1638 683 aegritudinis
1658 653 1698 678 Vll
1715 653 1764 678 172
1784 654 1817 679 32
1834 668 1869 673 -
1888 655 2037 687 intelligitur
2056 663 2103 688 per

1464 696 1617 727 languorem
1647 700 1755 728 propter
1783 698 1977 725 adhaerentiam
2003 701 2104 726 univer-

1463 741 1544 766 salem
1565 741 1616 766 176
1637 741 1670 766 45
1689 755 1724 760 -
1743 745 1782 767 est
1806 742 1885 768 febris
1909 744 1992 769 calida
2015 748 2040 770 ct
2059 752 2104 777 pu-

1464 784 1531 810 trida
1551 785 1583 810 Vl
1613 786 1659 811 301
1694 786 1727 811 82
1746 800 1781 805 -
1800 787 1880 813 modo
1905 788 2037 813 hominem
2066 789 2105 814 in-

1463 829 1564 862 quietat
1583 836 1629 861 per
1648 831 1778 861 calorem,
1793 832 1872 857 modo
1887 839 1934 864 per
1948 833 2029 864 frigus
2043 832 2106 859 ibid.

1464 874 1672 906 —signisscatur
1691 882 1737 907 per
1757 876 1919 908 hydropisim
1941 877 1983 902 Vll
2004 878 2050 903 361
2071 878 2098 902 ⁴⁴

1462 933 1498 937 —-
1517 919 1626 945 carnalis
1653 919 1814 951 significatur
1843 928 1889 953 per
1913 924 2024 947 statuam
2044 923 2104 948 salis

1465 963 1496 989 Vl
1517 963 1566 988 173
1587 971 1612 989 ν.
1631 964 1647 989 7
1661 978 1696 983 —
1709 965 1796 990 reddit
1815 966 1953 991 tremulum
1975 967 2041 992 sicut
2061 974 2103 999 pa-

1463 1008 1556 1040 ralysis
1576 1008 1618 1034 Vll
1638 1009 1687 1034 128
1709 1009 1742 1034 60

1517 1066 1552 1071 -
1570 1055 1610 1079 est
1629 1053 1696 1084 ignis
1720 1054 1867 1080 accendens
1892 1058 1979 1081 motus
2005 1056 2028 1081 in
2049 1063 2104 1082 sen-

1464 1098 1583 1123 sualitate
1603 1098 1634 1123 Vl
1654 1098 1706 1123 629
1728 1099 1760 1123 10
1779 1112 1815 1118 -
1833 1098 2049 1131 Concupiscibilis
2070 1102 2104 1126 in-

1465 1142 1608 1168 flammatio
1636 1143 1792 1169 assimilatur
1819 1143 1942 1170 scintillae
1972 1145 2022 1170 120
2042 1153 2067 1170 v.
2087 1146 2103 1170 5

1465 1200 1499 1205 ——-
1519 1187 1587 1212 male
1606 1187 1687 1213 inficit
1705 1194 1810 1213 sensum
1830 1188 1992 1220 spiritualem
2016 1190 2066 1215 556
2087 1191 2103 1216 5

1464 1245 1500 1250 ——
1512 1231 1584 1258 Uniri
1604 1233 1699 1257 carnali
1716 1233 1943 1265 concupiscentiae
1958 1241 2009 1259 nou
2029 1235 2104 1261 decet

1465 1276 1587 1308 spiritum
1606 1276 1640 1303 ad
1653 1277 1795 1309 imaginem
1817 1278 1862 1303 Dei
1883 1281 1999 1304 creatum
2022 1279 2073 1305 546
2087 1279 2102 1303 9

1464 1335 1499 1339 -
1512 1321 1598 1346 Homo
1612 1321 1699 1347 unitus
1710 1322 1805 1347 carnali
1819 1323 2044 1354 concupiscentiae
2058 1330 2105 1355 per

1465 1371 1624 1391 eonsensum
1658 1367 1822 1392 machinatur
1850 1367 1875 1392 in
1907 1370 2017 1393 mortem
2046 1374 2106 1393 con·

1465 1410 1588 1436 scientiae
1607 1409 1669 1436 ibid.
1687 1424 1723 1430 —-
1736 1411 1903 1443 Desponsans
1916 1412 2104 1443 concupiscen-

1465 1455 1527 1481 tiam
1546 1455 1691 1481 excluditur
1711 1462 1725 1480 a
1745 1456 1867 1481 convivio
1887 1456 1985 1488 gloriae
1998 1456 2049 1482 547
2070 1457 2103 1482 12

1516 1513 1553 1519 -
1571 1499 1730 1525 blandiendo
1758 1499 1869 1532 decipit,
1888 1501 1957 1532 rapit
1981 1504 2103 1527 ornatum

1464 1545 1606 1575 virtutum,
1626 1548 1758 1575 excaecat,
1778 1552 1811 1570 ne
1830 1548 1926 1570 statum
1946 1549 2104 1577 cognoscat,

1463 1590 1545 1615 vincit
1571 1590 1701 1622 pronitate
1725 1589 1759 1615 ad
1785 1590 1882 1615 malum
1903 1593 1929 1615 et
1953 1590 2104 1616 difficultate

1463 1634 1497 1660 ad
1517 1633 1616 1660 bonum
1636 1637 1662 1660 et
1681 1634 1781 1660 inducit
1794 1634 1921 1666 peccandi
1941 1635 2106 1660 consuetudi-

1462 1685 1524 1704 nem
1547 1679 1578 1705 Vl
1598 1679 1649 1705 579
1669 1679 1684 1704 6
1706 1693 1740 1697 -
1759 1679 1808 1711 Qui
1829 1679 2053 1711 concupiscentias
2070 1680 2105 1705 in-

1462 1726 1609 1756 sequuntur
1631 1731 1683 1749 non
1707 1726 1841 1749 merentur
1864 1723 1984 1755 accipere
2006 1732 2020 1749 a
2034 1724 2105 1750 Chri-

1462 1770 1514 1801 sto,
1533 1768 1595 1801 quia
1615 1768 1701 1793 statim
1721 1771 1859 1800 acceptum
1879 1768 1904 1793 in
1924 1768 2007 1794 lutum
2028 1769 2104 1800 proii-

1462 1816 1551 1838 cerent
1569 1812 1621 1838 540
1641 1813 1656 1837 9

1514 1870 1551 1876 -
1577 1857 1700 1882 Carnales
1727 1856 1954 1889 concupiscentiae
1985 1860 2046 1882 sunt
2075 1857 2101 1882 in

1462 1902 1563 1928 mundo
1582 1902 1769 1935 relinquendae
1783 1902 1825 1927 Vll
1846 1901 1896 1927 444
1917 1901 1950 1927 54
1969 1916 2002 1920 -
2022 1903 2101 1927 110110-

1461 1953 1534 1977 rum,
1553 1946 1704 1972 divitiarum
1725 1949 1750 1972 et
1764 1947 1928 1978 voluptatum
1947 1946 2101 1971 refrenanda

1461 1991 1580 2023 exemplo
1601 1991 1695 2017 Christi
1715 1991 1830 2016 crucifixi
1850 1991 1881 2015 w
1900 1991 1950 2015 618
1968 1992 1982 2016 2
1996 2005 2030 2008 ——
2044 1997 2102 2022 pro-

1462 2034 1576 2061 hibenda
1595 2042 1609 2061 a
1629 2036 1763 2067 voluptate
1783 2036 1816 2061 23
1836 2042 1861 2060 v.
1878 2035 1909 2060 10
1923 2049 1958 2054 --
1972 2035 1998 2060 ln
2012 2035 2100 2060 iuven-

1461 2083 1515 2105 tute
1535 2081 1614 2105 homo
1640 2087 1690 2105 non
1711 2079 1789 2105 debet
1817 2079 1891 2111 sequi
1917 2079 2100 2110 concupiscen-

1461 2125 1524 2151 tiam
1543 2125 1631 2151 cordis
1650 2125 1680 2150 91
1705 2132 1730 2150 v.
1752 2125 1767 2149 9

1518 2184 1554 2189 -
1582 2170 1690 2201 Propter
1722 2168 1950 2200 concupiscentiae
1977 2167 2099 2193 ardorem

1461 2215 1562 2246 positus
1581 2217 1620 2240 est
1635 2215 1774 2239 tlammeus
1787 2213 1889 2244 gladius
1903 2212 1935 2238 ad
1955 2212 2100 2238 custodien-

1461 2259 1525 2285 dum
1545 2259 1645 2290 lignum
1665 2258 1733 2283 vitae
1755 2257 1795 2282 V⁴l
1817 2257 1849 2281 83
1870 2257 1903 2282 52

1513 2317 1550 2322 -
1568 2303 1654 2328 carnis
1678 2302 1773 2327 dicitur
1793 2308 1869 2332 uxor,
1896 2304 2003 2332 propter
2023 2302 2100 2326 velie-

1460 2350 1573 2373 mentem
1593 2346 1707 2372 libidinis
1731 2345 1916 2371 adhaesionem
1936 2345 2044 2370 Υ11372
2067 2345 2097 2370 43

1460 2405 1494 2410 —-
1512 2391 1644 2416 mundana
1658 2393 1697 2415 est
1717 2390 1819 2421 hortus,
1834 2396 1914 2422 quesn
1934 2390 1994 2414 facit
2011 2389 2099 2415 diabo-

1458 2436 1498 2461 lus
1512 2435 1536 2460 in
1551 2435 1670 2464 homine,
1689 2438 1715 2459 et
1728 2434 1752 2459 in
1773 2440 1826 2466 quo
1843 2433 1960 2459 Christus
1980 2440 2101 2465 persecu-

1458 2479 1556 2505 tionem
1575 2479 1672 2510 patitur
1692 2478 1724 2503 Vl
1746 2479 1796 2503 612
1817 2484 1831 2503 3
1851 2492 1886 2496 --
1906 2478 1953 2503 Ρ81·
1969 2478 2099 2503 carnalem

1457 2523 1697 2555 concupiscentiam
1717 2522 1811 2548 sitienti
1835 2522 2001 2548 dulcedinem
2027 2522 2099 2547 volu-

1458 2568 1537 2600 ptatis
1550 2567 1671 2593 diabolus
1681 2567 1804 2599 propinat
1817 2566 2019 2603 amaritudinem
2033 2573 2100 2591 mor-

1458 2612 1491 2638 tis
1508 2612 1561 2637 6⁴7
1581 2611 1597 2637 7

1513 2670 1548 2675 —
1566 2657 1594 2682 ln
1617 2655 1828 2688 concupiscentia
1849 2658 1888 2681 est
1905 2654 1961 2680 sitis
1985 2662 2037 2680 non
2057 2655 2100 2679 ha-

1459 2700 1520 2732 biti,
1541 2703 1570 2726 ut
1588 2699 1716 2726 habeatur
1737 2700 1768 2725 Vl
1789 2700 1840 2725 293
1861 2699 1895 2724 27
1914 2712 1950 2718 -
1968 2705 2020 2724 11011
2045 2698 2099 2724 6111-

1458 2748 1500 2771 tur
1518 2751 1568 2770 nec
1587 2744 1694 2770 satiatur
1713 2744 1746 2769 63
1766 2751 1793 2769 v.
1813 2743 1846 2769 30
1860 2750 2042 2776 -nunquam
2059 2749 2100 2768 sa-

1458 2789 1514 2815 tiari
1533 2792 1618 2821 potest
1637 2788 1680 2813 Vll
1699 2788 1746 2814 361
1772 2788 1800 2813 11

1510 2847 1546 2851 -
1559 2833 1636 2865 Quod
1650 2833 1863 2864 concupiscimus
1875 2832 2024 2863 diligimus,
2037 2838 2098 2857 cum

1458 2876 1587 2903 habemus
1606 2877 1638 2902 Vl
1656 2876 1706 2902 149
1725 2884 1753 2902 v.
1777 2877 1805 2902 18
1825 2890 1861 2896 -
1880 2876 1991 2908 Quando
2005 2882 2098 2901 concu-

1458 2922 1536 2954 piscit
1553 2921 1613 2954 quis
1632 2928 1688 2947 rem
1706 2921 1830 2952 alienam,
1850 2920 1937 2945 anima
1956 2927 2003 2945 sua
2023 2920 2097 2952 quasi

1458 2966 1611 2998 concepisse
1630 2965 1747 2996 videtur,
1766 2969 1792 2990 et
1810 2965 1831 2990 si
1850 2971 1905 2990 rem
1925 2964 2039 2996 potuerit
2051 2963 2098 2988 ob-

1459 3010 1556 3041 tinere,
1576 3009 1651 3043 quasi
1671 3013 1760 3035 natum
1780 3009 1862 3034 fliium
1882 3009 1981 3034 nutrire
1994 3008 2098 3034 videtur

1460 3055 1502 3080 Vll
1522 3055 1573 3080 532
1593 3055 1626 3080 36

1511 3112 1547 3118 -
1567 3099 1626 3124 iacit
1639 3098 1772 3123 hominem
1786 3098 1974 3122 inconstantem
1995 3096 2027 3122 Vl
2049 3097 2098 3122 ⁴35

1459 3151 1486 3169 v.
1508 3144 1539 3169 12
1559 3157 1593 3161 -
1611 3146 1651 3168 est
1670 3141 1797 3173 generalis
1815 3144 1841 3166 et
1856 3145 1949 3172 regnat
1969 3141 1995 3165 in
2015 3140 2099 3166 omni-

1459 3187 1510 3213 bus
1529 3187 1563 3213 62
1583 3194 1609 3212 v.
1629 3187 1672 3212 28.
1695 3186 1727 3211 64
1747 3193 1773 3218 q.
1793 3187 1808 3211 2
1828 3198 1863 3204 -
1883 3185 1990 3211 deducit
2009 3191 2023 3209 a
2044 3184 2097 3209 Deo

1460 3232 1511 3257 230
1522 3239 1548 3256 v.
1566 3231 1590 3256 ⁴⁴
1608 3244 1640 3249 —
1652 3233 1690 3255 est
1703 3233 1786 3255 mater
1800 3229 1927 3261 perfidiae
1940 3229 1983 3254 V⁴l
1998 3229 2049 3254 329
2064 3229 2098 3253 65

1512 3289 1547 3295 -
1566 3275 1616 3300 cito
1635 3274 1726 3300 transit
1745 3274 1777 3300 Vl
1798 3274 1831 3299 92
1851 3281 1878 3298 v.
1898 3274 1931 3298 -10
1952 3288 1987 3291 -
2001 3272 2099 3298 Concu-

1460 3319 1587 3352 piscibilia
1607 3323 1739 3344 transeunt
1759 3318 1810 3343 140
1829 3325 1854 3343 v.
1875 3318 1891 3342 9

1958 3370 1985 3394 91
