2476 3921
4 569 5 577 ¹
62 565 112 586 tria.

761 201 954 234 COMMENT.
980 202 1015 233 ΙΝ
1041 200 1278 234 EVANGELIUM
1303 201 1419 233 LUCAE
1444 202 1475 233 C.
1501 202 1560 234 Vll.

171 292 291 325 venisse
307 291 346 324 ad
363 291 529 324 Dominum
548 290 728 332 ungendum
739 315 747 329 ,
764 290 815 322 hic
832 294 863 322 et
880 290 999 322 loannis
1015 289 1130 322 duode—

170 344 250 377 cimo
260 345 271 364 ¹
283 348 314 377 et
327 343 470 377 Matthaei
485 343 634 385 vigesimo
643 346 734 375 sexto
746 346 778 375 et
790 342 882 375 Marci
896 342 1017 375 decimo
1030 345 1130 375 sexto.

259 398 310 432 71.
322 396 423 438 (Vers.
435 395 513 437 lto).
529 397 569 428 Et
580 395 779 437 respondens·
792 395 884 427 lesus
896 395 981 427 dixit
993 398 1051 427 etc.
1063 395 1133 427 Post

4 441 151 484 'secundam
171 450 336 492 benignam
361 449 591 491 susceptionem
616 448 791 481 accedentis
814 447 961 481 subditur
979 448 1029 480 hic
1047 447 1133 479 beni-

19 485 142 513 benigniore

22 511 156 560 apgfqbatiq-
168 504 269 547 ynior
292 503 488 545 approbatio
512 502 687 545 dumentis,
710 502 868 544 Approbat
884 502 1036 534 Dominus
1053 502 1133 534 hanc

10 545 36 561 '²⁰
64 538 157 565 “mum
171 556 376 600 peccatricem
407 555 586 597 diligentem
618 559 649 588 et
680 555 749 588 eius
779 555 994 594 dilectionem,
1031 555 1134 596 primo

171 609 359 652 perquirens
388 608 540 650 generate
571 607 760 645 iudicium;
796 607 934 640 secundo
969 616 1134 640 assumens

170 661 309 705 speciale
329 661 559 704 propositum,
583 661 624 693 ibi
639 660 669 692 2:
695 661 734 692 Et
749 669 927 693 conversus
950 661 996 693 ad
1019 660 1134 693 mulie-

171 725 241 748 rem
265 718 345 753 etc.;
379 714 470 747 tertio
502 722 577 746 vero
608 713 798 746 concludens
820 713 1007 755 principale
1030 714 1134 746 inten—

171 772 260 807 tum,
278 768 338 801 ibi:
358 768 498 809 Propter
514 767 601 810 quod
616 767 690 800 dieo
703 766 763 799 tibi
771 778 781 799 .·
795 767 1021 800 Remittuntnr
1032 767 1064 800 ei
1074 771 1132 800 etc.

24 828 154 859 perquiritur
172 840 214 846 —
232 821 264 854 ln
276 820 500 864 perquirendo
524 823 629 853 autem
644 819 795 862 generale
811 820 973 852 iudicium
994 821 1135 862 procedit

23 855 105 914 ῗέῗιῐιῖιθ
116 860 154 903 ι’τῖἷ
171 875 231 908 hoc
254 871 372 907 ordine.
393 873 524 906 Eaeeitat
539 873 621 906 enim
641 871 821 905 Pharisaei
837 874 1045 906 attentionem
1056 900 1065 913 ,
1083 874 1134 906 in-

11 909 99 937 phfflm'
169 927 287 961 sinuat
309 927 532 970 quaestionem
555 929 586 959 et
608 925 773 968 approbat
795 926 1050 968 responsionem.

261 980 365 1012 Primo
389 980 485 1022 igitur
513 978 694 1012 Pharisaei
715 979 837 1012 excitat
852 980 1081 1019 attentionem,
1098 983 1135 1013 ut

46 1040 155 1062 axonam·
172 1042 191 1067 a
214 1033 346 1066 salsitate
371 1035 555 1071 revocetur,
580 1041 653 1064 cum
676 1032 772 1065 dicit:
807 1032 1013 1075 Respondens
1041 1033 1134 1065 Iesus

4 1067 118 1090 what-isaei
123 1068 155 1088 at-

11 1094 84 1116 tentio.
172 1085 259 1119 dixit
282 1085 329 1119 ad
351 1084 465 1117 illum:
491 1085 624 1123 Simon,
650 1083 752 1117 babeo
777 1085 837 1117 tibi
859 1085 989 1129 aliquid
1006 1086 1133 1124 dicere;

171 1139 203 1172 in
228 1148 291 1181 quo
315 1138 433 1171 excitat
456 1147 547 1176 eum,
573 1141 609 1170 ut
632 1138 780 1171 attendat.
807 1139 842 1171 Et
866 1142 956 1177 nota,
981 1139 1065 1181 quod
1092 1139 1135 1172 di-

171 1192 255 1226 citur
278 1192 474 1234 respondere
501 1190 703 1230 Pharisaeo,
736 1201 807 1224 cum
838 1195 941 1224 tamen
965 1202 1027 1225 non
1051 1193 1134 1225 dica—

173 1249 225 1278 tur
256 1244 373 1287 aliquid
409 1244 601 1286 quaesivisse
633 1254 651 1276 a
682 1244 824 1283 Christo,
861 1248 897 1277 ut
931 1245 1132 1284 ostendatur,

172 1299 256 1342 quod
279 1299 346 1340 ipse
377 1298 524 1331 audiebat
547 1298 616 1331 eius
640 1298 876 1340 cogitationem,
901 1301 937 1331 ut
960 1299 1029 1331 eius
1052 1298 1133 1331 iudi-

172 1352 254 1385 cium
288 1351 468 1389 refellatur,
501 1360 565 1393 quo
596 1350 743 1383 credebat
775 1351 936 1383 Christum
968 1351 1132 1392 ignarum,

172 1405 263 1438 iuxta
286 1404 370 1447 quod
395 1405 424 1436 in
450 1404 595 1437 Psalmo⁸
620 1403 751 1436 dicitur:
774 1416 789 1433 (ι
807 1404 969 1446 intelligite
986 1404 1134 1446 insipien-

172 1461 219 1492 tes
242 1458 273 1491 in
298 1458 431 1500 populo,
456 1461 487 1490 et
518 1456 604 1489 stulti
636 1456 804 1499 aliquando
827 1457 935 1498 sapite.
961 1457 1018 1498 Qui
1045 1457 1132 1498 plan-

173 1512 250 1545 tavit
272 1520 400 1550 aurem,
426 1520 487 1543 non
523 1510 652 1543 audiet?
675 1511 735 1543 Aut
769 1510 823 1552 qui
860 1510 954 1542 finxit
985 1510 1133 1550 oculum,

173 1574 234 1598 non
259 1564 435 1597 considerat
451 1566 488 1595 »2
505 1563 537 1595 ln
555 1563 630 1602 hoc,
647 1562 731 1605 quod
748 1562 837 1605 quasi
855 1562 1072 1605 respondendo
1088 1563 1134 1596 al-

174 1618 333 1661 loquitur,
357 1617 475 1650 excitat
498 1616 537 1649 ad
561 1616 755 1658 cogitandam
791 1616 907 1649 Christi
932 1617 1132 1659 sapientiam;

173 1672 204 1704 in
229 1672 288 1704 hoc
313 1679 404 1709 vero,
420 1669 505 1712 quod
521 1669 667 1711 spondet,
684 1678 717 1702 se
740 1669 858 1711 aliquid
881 1670 1060 1709 dicturum,
1077 1679 1135 1703 ex-

174 1724 249 1758 citat
271 1724 310 1756 ad
333 1722 565 1766 percipiendam
597 1721 788 1761 doctrinam;
813 1722 896 1755 sicut
918 1727 949 1756 et
972 1723 1135 1765 discipulis

174 1776 256 1810 dixit
285 1775 408 1809 loannis
442 1775 562 1808 decimo
593 1775 727 1807 sext04:
757 1788 772 1803 «
790 1775 886 1808 Multa
917 1775 1017 1808 habeo
1046 1776 1135 1809 vobis

174 1829 295 1868 dicere,
320 1829 373 1862 sed
397 1838 459 1861 non
475 1827 604 1870 potestis
627 1830 755 1870 portare
779 1828 915 1861 modo».
935 1847 977 1852 —
1003 1829 1038 1861 Et
1055 1838 1134 1871 quo-

169 1882 259 1915 niam
294 1881 462 1915 efficaciter
497 1889 569 1914 eum
605 1880 773 1919 excitavit,
803 1880 871 1913 ideo
895 1881 1042 1914 subditur
1066 1881 1134 1914 eius

174 1936 322 1975 attentio,
346 1944 419 1974 cum
443 1934 576 1967 dicitur:
602 1935 645 1966 At
660 1933 712 1966 ille
728 1933 795 1966 ait:
820 1934 994 1977 Mayister,
1019 1935 1081 1967 die.
1101 1935 1133 1967 In

174 1998 238 2031 qua
260 1987 462 2030 responsione
485 1986 653 2029 profitetur
677 1986 838 2019 scientiam
863 1990 894 2020 et
918 1988 995 2031 petit
1018 1988 1134 2021 doctri-

174 2050 265 2082 nam,
289 2041 381 2073 iuxta
404 2039 568 2073 consilium
585 2039 751 2081 sapientis,
769 2040 973 2073 Ecclesiastici
998 2044 1089 2074 sexto
1102 2040 1132 2073 ⁶:

180 2109 196 2125 «
211 2094 283 2134 Fili,
308 2094 332 2127 si
367 2093 538 2126 attenderis
574 2092 669 2132 mihi,
693 2092 795 2126 disces
829 2093 1028 2136 sapientiam,
1053 2097 1084 2127 et
1108 2094 1132 2132 si

174 2146 458 2181 accommodaveris
481 2146 621 2178 animum
645 2149 756 2185 tuum,
781 2146 905 2188 sapiens
927 2146 1008 2186 eris;
1037 2147 1062 2179 si
1087 2147 1134 2179 in-

175 2201 341 2234 clinaveris
364 2208 475 2233 aurem
499 2203 600 2237 tuam,
625 2199 765 2241 excipies
786 2199 978 2239 doctrinam;
995 2205 1026 2244 et
1042 2201 1067 2233 si
1088 2201 1135 2233 d-i-

175 2254 293 2288 lexeris
308 2253 435 2292 audire,
453 2252 577 2295 sapiens
592 2252 654 2285 eris
666 2266 697 2284 ».
715 2253 751 2285 Et
767 2253 912 2295 sequitur
928 2256 1012 2295 post:
1034 2267 1049 2283 a
1060 2254 1096 2287 Et
1109 2254 1133 2287 si

175 2307 291 2342 videris
314 2309 492 2345 sensatum,
516 2305 628 2348 evigila
650 2305 689 2338 ad
705 2306 795 2338 illum
811 2319 841 2338 ».
859 2306 912 2339 Hic
929 2311 976 2340 est
991 2307 1136 2340 Christus

175 2361 346 2399 Dominus,
363 2368 458 2402 quem
474 2363 559 2392 recte
575 2362 665 2392 vocat
676 2359 896 2402 mayistrum,
909 2360 1083 2393 secundum
1099 2361 1136 2394 il-

138 2435 141 2438 ·
176 2414 230 2447 lud
246 2413 390 2447 Matthaei
409 2412 558 2455 vigesimo
574 2412 667 2446 tertio
679 2412 707 2445 ⁶:
730 2425 745 2442 «
762 2413 849 2446 Unus
860 2416 907 2446 est
922 2414 1071 2456 magister
1083 2423 1136 2448 ve—

176 2471 258 2507 ster,
283 2466 428 2499 Christus
443 2478 475 2505 »;
499 2469 530 2499 et
554 2466 676 2499 Ioannis
699 2466 820 2500 decimo
843 2467 954 2500 tertio:
981 2480 996 2497 «ι
1014 2468 1137 2502 Vocatis

176 2529 227 2553 me
238 2519 398 2562 mayister
414 2523 445 2552 et
461 2519 601 2558 domine,
618 2522 649 2552 et
664 2519 744 2552 bene
759 2519 876 2558 dicitis;
894 2529 964 2553 sum
977 2521 1091 2554 etenim
1105 2535 1135 2554 ».

267 2574 319 2606 72.
343 2573 443 2615 (Vers.
468 2573 547 2614 41.).
572 2573 715 2606 Secundo
737 2577 843 2607 autem
875 2573 1061 2608 Pharisaeo
1086 2575 1137 2608 in-

178 2626 296 2660 sinuat
317 2627 558 2670 quaestionem,
582 2629 619 2659 ut
634 2627 673 2659 ad
689 2627 853 2660 veritatem
869 2628 1039 2670 dirigatur,
1064 2638 1137 2662 cum

179 2680 344 2713 subditur:
363 2680 436 2713 Duo
459 2679 618 2713 debitores
632 2684 732 2713 erant
747 2680 810 2713 uni
821 2681 833 2700 ⁷
858 2680 1062 2723 foeneratori
1077 2686 1135 2715 etc.

37 2633 161 2664 *lm-iuuatur

36 2666 77 2691 ¹2⁹¹
97 2664 162 2686 quae-

37 2689 85 2708 suo.

251 2880 261 2895 ¹
282 2882 355 2907 Vers.
376 2882 409 2912 3;
429 2882 516 2907 lllatth.
536 2882 585 2912 26,
604 2882 628 2907 7.
648 2885 674 2908 et
692 2883 769 2908 Marc.
796 2883 844 2919 <⁴⁶1
870 2884 898 2914 i;
925 2884 1001 2910 codd.
1028 2885 1140 2917 allegant

180 2925 266 2953 Marc.
280 2923 326 2957 44,
346 2925 387 2951 38.
408 2925 465 2956 (ubi
479 2925 512 2951 de
525 2926 647 2952 unctione
660 2926 779 2959 capitis),
796 2933 845 2958 pro
862 2935 916 2960 quo
929 2929 970 2953 vel
983 2928 1141 2955 substituen-

181 2969 245 2995 dum
272 2968 349 3002 (sicut
372 2976 419 2995 nos
444 2969 568 3001 fecimus,
587 2973 613 2995 et
633 2970 673 2996 cui
694 2970 836 2996 concordat
856 2970 1004 2997 Comment.
1023 2972 1048 2997 in
1069 2973 1138 2998 ioan.

181 3020 203 3039 c.
228 3014 268 3045 12.
285 3021 311 3039 n.
331 3013 394 3044 ⁴0),
413 3014 454 3039 vel
473 3014 516 3040 cni
535 3014 734 3046 adiungendum
754 3018 795 3040 est
812 3015 898 3041 Marc.
926 3014 974 3050 16,
996 3017 1020 3048 l,
1040 3017 1082 3043 cui
1108 3018 1140 3043 le-

182 3057 260 3083 ctioni
275 3058 345 3083 favet
357 3058 379 3083 Η
390 3067 397 3083 :
410 3057 453 3084 hic
466 3059 490 3084 et
505 3059 577 3084 loan.
594 3056 646 3090 12,
660 3058 756 3090 pedes;
769 3058 864 3085 Matth.
880 3057 928 3085 26.
942 3061 968 3086 et
979 3058 1075 3087 Matth.
1090 3059 1139 3087 24.

183 3101 214 3136 [t
233 3102 310 3127 Marc.
333 3101 389 3136 14.]
409 3105 505 3135 caput;
524 3101 571 3128 sed
588 3101 682 3129 Matth.
703 3101 754 3130 28.
777 3102 881 3136 [melius
906 3104 982 3130 Marc.
1010 3105 1062 3138 16.]
1087 3112 1141 3131 cor-

182 3153 234 3178 pus
252 3146 285 3171 ad
304 3148 514 3172 monumentum.
529 3160 562 3164 —
575 3146 671 3178 Locos,
691 3146 716 3172 in
734 3146 833 3179 quibus
850 3147 975 3174 Bernard.
989 3149 1023 3175 de
1036 3150 1086 3176 hoc
1100 3150 1141 3176 tri-

183 3190 243 3223 plici
262 3193 398 3222 unguento
416 3190 484 3223 ogit,
503 3190 675 3222 allegavimus
695 3193 758 3216 tom.
779 3192 819 3217 Vl.
839 3199 900 3224 pag.
923 3192 988 3225 4⁴2,
1008 3197 1068 3220 nota
1090 3195 1114 3220 4.

254 3233 265 3249 ²
285 3235 359 3261 Ver-s.
379 3234 412 3260 44
423 3245 431 3266 ;
450 3234 554 3261 tertium
574 3238 613 3261 est
631 3242 657 3261 v.
678 3234 719 3260 47.

255 3277 266 3292 ³
285 3279 377 3305 Psalm.
398 3279 445 3312 93,
465 3280 490 3305 8.
509 3286 564 3312 seq.
578 3279 629 3305 Cir.
642 3279 767 3312 August„
781 3281 896 3307 Enarrat.
910 3281 934 3307 in
949 3282 989 3308 Ps.
1005 3283 1063 3309 ⁴40.
1076 3290 1102 3309 n.
1117 3284 1142 3315 8,

185 3326 210 3349 et
228 3324 364 3356 Euthym.,
385 3323 410 3349 in
429 3324 491 3350 Luc.
510 3324 542 3356 7,
561 3323 604 3350 40.

256 3366 267 3381 ⁴
285 3367 359 3394 Vers.
381 3368 423 3393 ⁴2.

293 3420 323 3446 S.
342 3420 446 3446 Bonav.
456 3433 492 3439 —
506 3421 586 3445 Tom.
597 3421 652 3445 Vll.

744 3365 757 3382 ⁵
774 3369 849 3394 Vers.
868 3369 912 3394 33.
933 3376 988 3401 seq.
1008 3373 1034 3395 et
1053 3377 1078 3395 v.
1099 3371 1142 3396 36.

2091 205 2151 236 185

1196 297 1307 330 Casum
1334 298 1480 339 proponit
1496 298 1525 330 in
1544 300 1695 339 generali,
1714 300 1888 342 intelligens
1905 309 1960 342 per
1978 301 2052 333 istos
2069 300 2154 333 debi-
2174 304 2301 351 ωῗῂονψ

1197 354 1282 382 tores
1305 353 1336 383 et
1360 351 1487 392 intelligi
1512 351 1590 383 dans
1613 355 1810 393 peccatores,
1842 353 1895 394 qui
1927 354 2046 394 magnis
2069 353 2154 386 debi-
2194 336 2220 356 ρο
2255 337 2286 351 ’π’

1197 403 1237 435 tis
1271 407 1345 435 sunt
1379 404 1516 442 astricti,
1548 404 1720 436 secundum
1758 405 1834 437 illud
1871 406 2014 438 Matthaei
2045 409 2153 439 sexto:

1202 470 1218 485 α
1235 457 1361 489 Dimitte
1385 457 1474 489 nobis
1497 457 1601 490 debita
1619 471 1648 495 n,
1674 457 1703 489 id
1732 461 1779 490 est
1811 462 1953 499 peccata,
1983 472 1998 486 α
2016 459 2097 491 sicut
2125 464 2155 492 et

1197 519 1254 542 nos
1277 510 1465 542 dimittimus
1487 510 1682 543 debitoribus
1711 511 1825 543 nostris
1842 525 1856 539 n
1886 515 1943 544 etc.
1971 512 2026 544 Per
2049 510 2155 553 foem-

1198 567 1345 596 ratorem
1369 563 1572 605 intelligimus
1594 563 1772 603 Christum,
1797 564 1968 597 secundum
1988 565 2062 597 illud
2082 566 2156 597 Mat-

1198 616 1279 649 thaei
1307 616 1455 658 vigesimo
1478 616 1589 658 quinto
1601 616 1632 648 ⁸:
1655 629 1670 644 or
1683 617 1777 649 Serve
1795 617 1873 649 male
1891 621 1921 649 et
1938 617 2036 658 piger,
2054 626 2156 650 nonne

1198 669 1338 711 oportuit
1354 670 1517 711 pecuniam
1537 678 1636 702 meam
1655 669 1778 702 mittere
1797 670 2034 709 nummulariis,
2052 674 2082 702 et
2100 679 2156 712 ego

1199 723 1327 755 veniens
1350 723 1524 765 exegissem
1549 723 1633 765 quod
1660 731 1763 755 meum
1782 726 1829 755 est
1844 732 1915 755 cum
1940 724 2098 755 usuris»?
2115 743 2155 747 —

1200 776 1235 808 Et
1258 776 1332 818 quia
1356 785 1417 808 non
1442 784 1550 808 omnes
1573 775 1746 817 aequaliter
1777 779 1905 817 peccant
1937 785 1993 808 nec
2021 777 2157 818 aequali-

1200 832 1247 862 ter
1271 830 1466 872 obligantur,
1483 829 1552 862 ideo
1568 829 1708 861 additur:
1733 829 1824 861 [snus
1847 828 1978 861 debebat
2002 829 2158 862 denarios

1198 883 1409 926 quinyentos;
1426 883 1455 915 in
1473 892 1537 925 quo
1553 882 1729 915 ostenditur
1742 882 1842 924 plena
1866 882 2013 924 obligatio
2030 886 2157 924 propter

1198 935 1472 977 quinqueformem
1498 935 1777 977 transgressionem
1803 935 2002 976 perfectionis
2026 944 2158 978 evange-

1199 988 1293 1027 licae;
1318 988 1485 1029 completio
1517 987 1599 1020 enim
1624 987 1809 1030 intelligitur
1842 997 1898 1029 per
1930 989 2155 1021 centenarium.

1202 1042 1239 1073 Et
1255 1040 1345 1073 alius
1360 1041 1624 1084 quinquaqinta,·
1649 1041 1707 1074 hoc
1729 1041 1845 1074 dicitur
1869 1044 2023 1083 quantum
2048 1042 2085 1073 ad
2110 1051 2157 1074 se-

1199 1093 1379 1136 miplenam
1414 1094 1652 1136 obligationem,
1678 1103 1759 1136 quae
1783 1098 1831 1127 est
1855 1095 1886 1127 in
1912 1095 2158 1136 transgressione

1198 1147 1431 1189 quinqueformi
1457 1147 1556 1189 ipsius
1579 1147 1727 1189 decalogi.

1288 1200 1339 1233 73.
1366 1200 1466 1239 (Vers.
1497 1200 1575 1240 42).
1601 1200 1657 1233 Sed
1683 1201 1758 1242 quia
1781 1201 1864 1234 Deus
1887 1201 2055 1234 miseretur
2072 1203 2155 1234 omni

1197 1253 1304 1294 generi
1329 1256 1546 1294 peccatorum,
1564 1253 1617 1294 qui
1642 1253 1681 1285 ad
1705 1253 1807 1295 ipsum
1825 1258 2072 1293 convertuntur;
2090 1254 2158 1288 ideo

1197 1305 1361 1338 subditur:
1388 1305 1461 1338 Non
1485 1304 1677 1338 habentibus
1701 1306 1767 1338 illis
1791 1307 1877 1339 ande
1900 1307 2084 1345 redderent,
2102 1308 2158 1340 cto-

1197 1358 1291 1390 navit
1314 1358 1478 1401 utrisque,
1504 1358 1621 1391 scilicet
1644 1367 1684 1391 ex
1711 1359 1924 1392 misericordia
1945 1360 2156 1398 condonante,

1197 1410 1278 1454 sicut
1309 1410 1425 1443 dicitur
1460 1411 1603 1443 Matthaei
1640 1410 1760 1443 decimo
1794 1412 1947 1444 octav0⁹z
1981 1412 2158 1446 «Misertus

1197 1462 1344 1495 dominus
1373 1463 1455 1495 servi
1480 1463 1582 1502 illius,
1606 1462 1723 1496 dimisit
1747 1473 1820 1496 eum
1849 1468 1880 1496 et
1903 1464 2043 1497 debitum
2069 1465 2158 1498 dimi-

1198 1516 1238 1548 sit
1254 1516 1281 1548 ei
1298 1529 1329 1555 »,
1346 1519 1378 1548 et
1393 1516 1452 1549 hoc
1470 1516 1684 1557 compassione
1708 1516 1867 1556 miseriae,
1892 1527 1955 1559 qua
1972 1518 2158 1560 impotentes

1198 1578 1309 1602 sumus
1340 1569 1471 1602 solvere.
1504 1568 1616 1601 Omnia
1649 1569 1750 1609 enim,
1788 1579 1868 1612 quae
1893 1571 2063 1610 habemus,
2094 1572 2159 1604 sine

1197 1623 1385 1665 obligatione
1409 1623 1526 1664 peccati
1561 1623 1623 1655 Deo
1646 1623 1817 1663 debemus;
1846 1624 1966 1666 primae
1989 1625 2029 1657 ad
2052 1625 2159 1657 Corin—

1199 1675 1282 1708 thios
1305 1679 1419 1718 quarto
1433 1676 1476 1707 1⁰:
1507 1688 1523 1704 «
1539 1675 1620 1717 Quid
1645 1676 1760 1715 habes,
1784 1676 1869 1719 quod
1885 1686 1947 1709 non
1964 1678 2159 1720 accepistin?

1198 1731 1229 1761 et
1245 1728 1338 1770 primi
1355 1728 1611 1770 Paralipomenon
1644 1729 1794 1771 vigesimo
1817 1739 1916 1762 nono:
1947 1743 1963 1759 α
1979 1731 2046 1763 Tua
2069 1735 2158 1769 sunt,

1198 1782 1348 1820 Domine,
1372 1781 1490 1820 omnia,
1514 1785 1546 1815 et
1568 1791 1649 1824 quae
1673 1782 1711 1815 de
1729 1791 1826 1815 manu
1843 1786 1897 1815 tua
1913 1784 2091 1826 accepimus
2107 1784 2159 1817 de-

1198 1835 1302 1867 dimus
1327 1834 1381 1867 tibi
1399 1848 1430 1867 ».
1456 1835 1486 1867 Si
1510 1844 1586 1877 ergo
1611 1835 1817 1868 remittuntur
1850 1840 1993 1878 peccata,
2018 1840 2159 1879 oportet,

1198 1888 1282 1931 quod
1308 1888 1479 1921 liberaliter
1511 1892 1541 1921 et
1577 1888 1821 1921 misericorditer
1845 1889 2062 1928 remittantur,
2086 1891 2160 1932 quia

1198 1942 1321 1974 nullum
1345 1950 1514 1983 possumus
1546 1941 1718 1983 rependere
1749 1941 1945 1974 beneficium.
1976 1941 2159 1985 Obligamur

1198 1997 1301 2027 tamen
1318 1994 1356 2026 ad
1372 1993 1546 2026 dilectionis
1561 1993 1725 2032 affectum,
1742 1993 1781 2026 de
1797 2003 1861 2036 quo
1878 1994 2013 2036 requirit
2030 1999 2160 2037 propter

1198 2047 1344 2080 collatum
1369 2047 1566 2080 beneficium.
1585 2065 1629 2070 —
1644 2046 1730 2079 Unde
1747 2047 1866 2079 subdit:
1886 2048 1968 2088 Quis
1984 2058 2061 2091 erqo
2085 2059 2160 2082 eam
2179 2060 2287 2086 Quaestio.

1194 2099 1273 2142 plus
1297 2099 1426 2142 diliyit?
1447 2108 1518 2131 cum
1536 2102 1672 2141 uterque
1688 2099 1817 2141 diligere
1841 2103 1995 2133 teneatur.
2013 2101 2099 2134 Unde
2115 2102 2158 2135 sic

1198 2152 1370 2195 quaerebat
1392 2152 1545 2185 Dominus
1567 2161 1586 2184 a
1609 2152 1699 2185 Petro
1722 2156 1792 2194 post
1816 2153 2081 2187 condonationem
2110 2156 2158 2188 sui

1198 2205 1332 2247 peccati,
1350 2205 1472 2238 Ioannis
1484 2205 1634 2247 vigesimo
1646 2205 1750 2247 primo
1764 2206 1804 2237 ¹¹:
1823 2219 1837 2234 (ι
1852 2206 1956 2238 Simon
1969 2207 2100 2246 loannis,
2114 2208 2160 2240 di-

1199 2258 1269 2301 ligis
1300 2267 1350 2291 me
1381 2258 1453 2300 plus
1476 2258 1526 2291 his
1544 2261 1581 2290 n?
1606 2258 1642 2290 Et
1665 2258 1891 2292 rationabiliter
1922 2260 2061 2302 quaerit,
2086 2261 2161 2303 quia

1199 2311 1452 2354 inaequalitatem
1477 2311 1702 2344 beneficiorum
1727 2313 1815 2354 sequi
1839 2312 1932 2346 debet
1955 2313 2160 2356 inaequalitas

1199 2364 1414 2403 affectionum,
1439 2364 1613 2397 secundum
1636 2364 1721 2407 quod
1744 2365 1820 2398 dicit
1835 2365 2022 2408 Gregorius:
2051 2366 2157 2400 «Cum

1199 2420 1357 2460 augentur
1388 2417 1491 2457 dona,
1523 2418 1660 2451 rationes
1689 2418 1782 2451 etiam
1820 2422 1967 2452 crescunt
1995 2419 2159 2453 donorum.

1200 2472 1299 2504 Tanto
1322 2480 1398 2514 ergo
1415 2471 1565 2504 humilior
1582 2475 1677 2514 atque
1693 2472 1732 2505 ad
1748 2473 1949 2506 serviendum
1974 2473 2038 2506 Deo
2055 2483 2160 2516 prom-

1202 2524 1284 2566 ptior
1309 2524 1444 2567 quisque
1467 2533 1536 2558 esse
1559 2525 1651 2558 debet
1667 2534 1708 2558 ex
1726 2535 1876 2565 munere,
1901 2529 2019 2568 quanto
2035 2535 2069 2560 se
2084 2526 2161 2560 obli-

1201 2578 1353 2620 gatiorem
1378 2587 1446 2611 esse
1470 2578 1622 2620 conspicit
1645 2579 1677 2611 in
1701 2579 1858 2626 reddenda
1881 2580 2001 2612 ratione
2020 2593 2049 2611 ι.

1291 2632 1342 2664 74.
1369 2632 1469 2671 (Vers.
1495 2632 1572 2672 43).
1598 2632 1703 2665 Tertio
1726 2641 1802 2665 vero
1827 2633 1981 2666 Pharisaei
2000 2633 2164 2676 approbat
2183 2642 2318 2672 „promtus

1202 2685 1467 2727 responsionem,
1492 2688 1528 2718 ut
1560 2685 1592 2718 in
1621 2686 1753 2718 veritate
1784 2686 2008 2725 confirmetur;
2034 2690 2164 2728 propter
2192 2674 2311 2696 ‘mmm'

2178 1209 2323 1230 Misericordia

2185 1235 2314 1257 condonans.

1275 2885 1287 2900 ⁰
1306 2887 1380 2912 Vers.
1400 2888 1431 2919 8,
1451 2890 1509 2918 post
1528 2894 1607 2920 quem
1628 2888 1698 2913 loan.
1718 2888 1765 2919 ⁴3,
1787 2888 1828 2913 43.

1275 2928 1284 2944 ἲ
1306 2931 1416 2962 Vulgata
1443 2934 1468 2956 et
1493 2930 1552 2956 Vat.
1577 2938 1638 2957 cum
1662 2932 1684 2957 Η
1709 2931 1827 2958 cuidam.
1845 2946 1881 2951 —
1900 2931 2017 2958 Subinde
2039 2933 2166 2964 allegatur

1204 2974 1292 2999 Matth.
1313 2974 1343 3005 6,
1365 2975 1405 2999 12.
1426 2977 1451 2999 et
1472 2974 1513 3000 14.
1534 2974 1574 3000 15.
1595 2988 1630 2994 -
1649 2975 1757 3001 Inferius
1776 2977 1796 3001 Α
1816 2976 1894 3008 legit:
1921 2976 2021 3003 Casum
2037 2975 2166 3010 proponit

1204 3017 1232 3044 in
1245 3017 1368 3052 generali
1379 3017 1598 3052 mteetiqendum,
1615 3026 1665 3053 per
1685 3019 1750 3046 istos
1769 3019 1898 3047 debitores
1918 3020 2034 3055 intelligi
2047 3022 2166 3054 peccato·

1203 3069 1247 3088 res
1267 3067 1316 3088 etc.
1336 3063 1394 3088 Vat.
1417 3062 1517 3089 Casum
1532 3063 1664 3097 proponit
1681 3063 1710 3090 ι’·ιι
1729 3064 1853 3098 generali
1866 3072 1917 3099 per
1937 3065 2001 3092 istos
2020 3064 2164 3095 debitores,

1204 3106 1273 3134 dans
1292 3107 1407 3141 intelligi
1423 3109 1576 3141 pecca-tores
1595 3111 1644 3134 etc.

1276 3149 1287 3165 ⁸
1308 3152 1382 3177 Vers.
1401 3153 1444 3178 26.
1464 3155 1489 3178 et
1509 3153 1551 3178 27.

1276 3194 1287 3209 ⁹
1308 3196 1382 3222 Vers.
1403 3197 1444 3222 27.
1463 3210 1500 3216 -—
1519 3197 1567 3222 Pro
1587 3196 1754 3224 condonante
1775 3198 1831 3223 vm.
1851 3198 2013 3225 condolenle.

1278 3238 1300 3253 ¹⁰
1320 3241 1393 3266 Vers.
1413 3240 1446 3271 7,
1464 3244 1524 3273 post
1542 3248 1622 3274 quem
1642 3242 1660 3267 l.
1680 3242 1789 3274 Paralip.
1809 3242 1859 3273 29,
1881 3242 1920 3268 14.

1278 3283 1298 3299 ¹¹
1319 3285 1394 3310 Vers.
1425 3286 1466 3311 45.
1485 3300 1520 3303 —
1539 3286 1670 3311 Sententia
1698 3286 1818 3318 Gregorii
1846 3286 1957 3312 habetur
1982 3286 1999 3311 1.
2019 3285 2112 3311 Homil.
2139 3284 2163 3309 in

1207 3329 1304 3360 evang.
1324 3329 1413 3354 homil.
1434 3329 1459 3354 9.
1478 3336 1502 3354 n.
1525 3330 1548 3354 l.
1567 3343 1603 3349 —
1621 3330 1748 3361 Superius
1767 3336 1816 3361 pro
1835 3329 1867 3356 de
1885 3336 1938 3363 quo
1956 3328 2073 3363 requirit
2091 3328 2112 3354 H
2133 3328 2164 3359 (D

1206 3378 1222 3396 a
1241 3372 1356 3397 secunda
1376 3372 1467 3404 manu)
1487 3379 1566 3405 quem
1584 3372 1708 3405 reque-it.

2023 3422 2056 3447 24
