2476 3921
163 412 264 432 Tertium.

140 1150 263 1177 nequii-itur

127 1183 263 1224 ffirsevemn-

131 2159 264 2180 Contumelia

117 2192 159 2206 non
166 2191 264 2216 perseve-

119 2215 193 2233 rantis.

289 262 351 294 378

374 350 424 381 59.
450 349 550 389 (Vers.
577 347 653 387 29).
679 346 784 378 Tertio
807 347 962 387 quantum
986 344 1024 376 ad
1053 343 1243 376 declinatio-

284 412 356 435 nem
380 400 582 434 imminentis
613 398 786 441 opprobrii
817 397 999 439 subiungit:
1026 397 1090 435 Ne,
1111 401 1242 439 postea-

284 465 384 499 quam
407 453 557 496 posuerit
579 451 854 494 fundamentum,
879 451 997 483 scilicet
1020 451 1164 483 altiorem
1181 453 1244 483 sta-

286 512 350 540 tum
375 505 582 549 aggrediendo
606 505 637 536 in
666 503 815 536 imitando
843 503 1023 541 Christum;
1051 507 1083 535 et
1111 504 1170 535 hoc
1196 506 1244 535 est

283 570 401 603 ponere
423 558 700 601 fundamentum,·
724 557 844 598 primae
861 557 899 589 ad
915 556 1094 589 Corinthios
1110 556 1203 588 tertio
1217 557 1243 588 ¹:

290 627 305 642 «ι
321 612 567 645 Fundamentum
588 610 672 642 aliud
697 619 788 642 nemo
805 613 907 651 potest
932 618 1048 651 ponere
1071 612 1197 651 praeter
1213 608 1244 641 id

285 666 368 709 quod
392 665 526 707 positum
558 667 621 702 est,
646 663 730 705 quod
754 666 802 695 est
832 663 978 695 Christus
1010 663 1095 695 lesus
1119 676 1149 693 ».
1182 662 1244 694 Hoc
1265 696 1272 700 ‚

285 719 520 752 fundamentum
547 716 654 758 incipit
685 716 757 758 quis
781 725 897 758 ponere
928 725 985 758 per
1009 716 1102 748 fidem
1134 718 1166 748 et
1189 715 1244 748 bo-

285 781 355 805 nam
372 772 598 814 operationem,
623 769 795 803 secundun]
812 769 890 801 illud
907 769 1050 802 Matthaei
1073 769 1242 811 septim02:

290 825 448 863 «Omnis,
480 824 533 866 qui
565 824 653 856 audit
681 823 778 856 verba
812 832 881 855 mea
914 823 990 855 haec
1022 826 1053 855 et
1084 823 1157 855 facit
1189 831 1243 861 ea,

285 879 393 911 similis
416 882 463 911 est
487 877 625 916 homini,
649 877 703 919 qui
728 876 903 909 aedificavit
925 876 1055 908 domum
1080 885 1169 909 suam
1191 885 1245 909 su-

286 942 341 974 pra
365 935 484 973 petram
502 944 531 962 ».
559 931 589 962 In
615 931 673 963 hac
695 933 792 972 petra
814 929 1054 962 fundamentum
1079 929 1244 962 habitatio-

285 985 332 1017 nis
355 985 484 1017 collocat
501 984 561 1025 ‘qui
591 983 751 1015 Christum
777 982 845 1015 vult
876 982 1013 1024 perfecte
1037 982 1171 1021 imitari,
1196 991 1244 1015 se-

284 1038 422 1070 cundum
438 1037 516 1070 illud
542 1036 687 1069 ieremiae
710 1036 951 1078 quadragesimo
974 1036 1125 1068 octavo³:
1155 1048 1170 1063 «t
1188 1036 1245 1067 Re-

284 1091 414 1133 linquite
445 1090 586 1123 civitates
620 1094 652 1122 et
688 1089 826 1122 habitate
850 1089 881 1121 in
917 1092 1023 1131 petra,
1052 1088 1246 1121 habitatores

283 1144 398 1176 Moab»
427 1148 485 1176 etc.
515 1161 556 1167 —
588 1144 627 1175 Et
654 1153 721 1175 non
750 1143 895 1184 potuerit
922 1141 1098 1184 perlicere,
1123 1146 1154 1174 et
1185 1142 1245 1174 hoc

282 1197 529 1239 perseverando,
554 1197 635 1229 sicut
659 1199 733 1228 sunt
756 1196 818 1235 illi,
842 1196 881 1228 de
905 1196 1022 1237 quibus
1052 1195 1168 1228 dicitur
1192 1204 1246 1228 su-

283 1261 340 1293 pra
370 1251 522 1283 octavo4:
553 1249 628 1282 «Ad
659 1254 786 1291 tempus
810 1249 944 1282 credunt
976 1253 1007 1282 et
1038 1249 1069 1281 in
1103 1252 1246 1290 tempore

284 1304 461 1337 tentationis
485 1303 678 1336 recedunt».
704 1303 793 1336 Tales
817 1306 891 1335 sunt
914 1303 969 1345 qui
1002 1302 1172 1335 destruunt
1196 1311 1246 1334 re-

283 1357 479 1394 cidivamlo,
511 1356 665 1399 quidquid
693 1356 939 1389 aedificaverunt
962 1356 1001 1388 de
1025 1356 1107 1388 bono
1134 1353 1246 1387 incho-

284 1411 391 1449 ando5
408 1410 611 1443 Ecclesiastici
631 1410 791 1451 trigesimo
815 1413 929 1451 quarto
942 1410 970 1441 ⁵:
998 1422 1013 1437 a
1029 1409 1116 1442 Unus
1139 1409 1246 1441 aediti-

283 1473 374 1503 cans,
410 1467 441 1496 et
471 1464 550 1496 alter
585 1463 774 1502 destruens,
813 1463 889 1505 quid
929 1462 1057 1504 prodest
1091 1462 1152 1495 illis
1187 1462 1246 1495 nisi

285 1517 371 1549 labor
389 1520 428 1548 n?
452 1516 541 1549 Tales
565 1519 639 1549 sunt
663 1515 817 1548 dissoluti
840 1519 869 1547 et
885 1515 1018 1547 remissi
1026 1526 1037 1553 ,·
1062 1514 1246 1547 proverbio-

284 1579 354 1602 rum
379 1570 501 1603 decimo
516 1573 640 1602 octavo:
671 1582 686 1597 «κ
704 1569 763 1610 Qui
782 1569 884 1601 mollis
908 1572 939 1601 et
954 1568 1128 1601 dissolutus
1150 1570 1198 1600 est
1215 1567 1246 1599 in

283 1632 377 1665 opere
409 1632 466 1656 sno
502 1623 598 1663 frater
630 1625 677 1655 est
712 1631 769 1655 sua
804 1631 901 1664 opera
932 1621 1112 1663 dissipantis
1139 1634 1170 1652 n.
1203 1638 1245 1645 —

286 1677 423 1714 Omnes,
448 1676 507 1719 qui
524 1676 633 1708 vident
644 1676 668 1714 ⁶,
693 1676 846 1717 inceptam
865 1674 1087 1717 perfectionem
1111 1674 1247 1706 circum-

284 1730 458 1771 spiciendo;
484 1729 603 1771 primae
627 1729 664 1761 ad
689 1729 868 1761 Corinthios
884 1731 1016 1770 quarto:
1048 1741 1063 1756 «
1079 1728 1246 1769 Spectacu-

284 1783 348 1815 lum
373 1783 443 1815 facti
468 1791 580 1815 sumus
605 1781 737 1820 mundo,
762 1785 792 1813 et
817 1781 938 1823 Angelis
962 1784 993 1813 et
1018 1780 1198 1812 hominibus
1214 1794 1244 1812 n.

283 1836 371 1877 Quod
396 1835 477 1868 enim
503 1835 533 1867 in
558 1835 620 1867 alto
637 1835 764 1876 ponitur
788 1834 937 1866 omnibns
953 1833 1145 1871 ostenditur;
1171 1833 1247 1865 Mat-

285 1888 365 1921 thaei
396 1878 522 1930 quinto:
557 1901 571 1916 α
597 1888 662 1920 Non
697 1891 798 1929 potest
828 1886 938 1919 civitas
968 1885 1115 1918 abscondi
1148 1895 1246 1927 supra

283 1945 419 1974 montem
438 1942 554 1983 posita,
572 1950 674 1983 neque
698 1940 874 1973 accendunt
890 1940 1051 1972 lucernam
1075 1942 1107 1971 et
1127 1942 1248 1980 ponunt

283 2003 349 2027 eam
375 1995 435 2027 sub
460 1995 579 2033 medie,
604 1994 657 2027 sed
683 2003 779 2035 super
811 1992 1052 2031 candelabrum,
1078 1995 1113 2025 ut
1145 1992 1247 2024 luceat

282 2048 448 2087 omnibus,
472 2048 525 2090 qui
551 2048 581 2080 in
606 2048 699 2080 domo
723 2050 799 2080 sunt
815 2060 845 2078 n.

373 2103 424 2134 60.
450 2102 550 2142 (Vers.
576 2102 629 2133 ΞΕ).
655 2101 733 2142 30.).
758 2100 927 2141 Incipiam
955 2099 1093 2132 illudere
1115 2099 1164 2137 ei,
1198 2099 1264 2132 clia

283 2158 404 2186 centes:
432 2154 520 2194 Quia
544 2153 597 2186 liic
614 2153 709 2186 homo
726 2153 830 2195 eoepit
846 2151 1026 2194 aedificare
1049 2156 1077 2183 et
1100 2162 1167 2184 non
1188 2162 1247 2194 po-

284 2207 347 2240 tuit
370 2216 619 2244 consummare;
647 2211 677 2239 et
701 2207 761 2239 hoc
794 2205 1000 2238 contumelias
1024 2204 1186 2237 inferendo
1216 2208 1248 2237 et

283 2259 468 2297 deridendo,
492 2259 567 2301 quia
591 2259 680 2292 valde
703 2263 751 2292 est
773 2258 1023 2300 opprobriosum,
1049 2257 1247 2291 retroceden-

284 2312 368 2345 tibus
391 2316 422 2344 et
453 2311 712 2353 apostatantibus.
738 2312 813 2343 Nam
837 2311 1022 2343 deridentur
1047 2320 1065 2343 a
1088 2310 1247 2343 daemoni-

285 2365 362 2403 bus;
387 2365 586 2399 Threnorum
610 2364 754 2406 primo⁷z
785 2377 800 2391 «
818 2363 971 2396 Viderunt
995 2373 1062 2396 eam
1088 2364 1194 2396 hostes
1216 2367 1248 2396 et

284 2418 464 2450 deriserunt
487 2417 621 2449 Sabbata
644 2417 712 2450 eius
729 2431 758 2448 ».
785 2417 867 2449 Hanc
892 2416 1069 2449 irrisionem
1095 2417 1246 2450 abhorret

286 2471 333 2503 vir
358 2471 548 2512 spiritualis;
581 2471 738 2503 Psalmus:
770 2483 785 2498 «
802 2471 907 2512 Neque
940 2470 1091 2502 irrideant
1115 2479 1165 2503 me
1190 2470 1247 2503 ini-

872 255 1065 288 COMMENT.
1091 255 1127 287 IN
1151 255 1390 288 EVANGELIUM
1414 255 1536 288 LUCAE
1560 255 1592 287 C.
1617 255 1692 287 XlV.

1309 343 1380 376 mici
1404 343 1464 376 mei
1483 357 1498 372 ιι
1527 347 1585 376 etc.
1610 344 1644 376 Hi
1670 344 1786 376 inimici
1809 344 1953 377 derident
1984 344 2271 386 imperfectionem,

1308 396 1481 429 secundum
1514 396 1592 429 illud
1623 397 1789 430 Nehemiae
1820 397 1976 439 quarto⁸:
2006 410 2022 426 α
2043 397 2130 430 Dixit
2161 397 2274 430 Tobias

1309 450 1515 483 Ammanites:
1533 450 1702 483 Aedificant
1718 450 1820 483 ludaei
1831 476 1839 489 ‚
1856 451 2025 484 ascendent
2041 451 2167 493 vulpes,
2187 455 2274 487 tran-

1308 502 1411 535 silient
1436 512 1564 536 murum
1589 512 1699 536 eorum
1717 503 1874 545 lapideum
1888 517 1918 536 ».
1936 503 2021 536 Unde
2046 504 2230 537 Ambrosius
2243 504 2272 536 ⁹:

1312 568 1329 584 α
1347 555 1378 588 ln
1401 556 1505 595 omni,
1530 556 1615 598 quod
1639 556 1778 598 agimus,
1806 557 1946 589 occultos
1977 556 2176 589 adversarios
2199 566 2274 590 con-

1308 608 1447 642 siderare
1471 609 1640 648 debemus,
1665 609 1719 652 qui
1744 609 1862 642 nostris
1888 610 2039 652 operibus
2062 609 2272 649 insidiantur;

1308 664 1339 694 et
1362 661 1422 694 nisi
1446 665 1556 694 contra
1579 671 1633 695 eos
1658 662 1839 704 vigilemus,
1869 662 2008 704 patimur
2031 671 2084 695 eos
2107 662 2273 702 irrisores,

1308 724 1389 757 quos
1423 715 1462 748 ad
1498 715 1617 748 malum
1654 715 1808 748 habemus
1843 724 2048 757 persuasores
2068 730 2099 748 n.
2132 716 2192 757 Qui
2216 725 2273 749 au-

1309 772 1371 802 tem
1397 768 1566 802 retrocedit
1597 769 1637 801 ab
1661 769 1785 810 incepto
1816 769 1980 802 deridetur
2003 779 2061 812 pro
2094 769 2274 802 temeritate

1309 822 1340 854 in
1365 822 1612 864 praesumendo,
1644 831 1702 864 pro
1734 822 1949 855 instabilitate
1973 822 2004 855 in
2034 823 2273 865 prosequendo,

1310 884 1367 917 pro
1387 874 1667 917 pusillanimitate
1691 875 1722 907 in
1739 875 1933 915 desistendo;
1958 879 1990 909 et
2013 876 2072 909 hoc
2088 886 2151 909 non
2172 876 2274 909 solum

1308 938 1325 960 a
1349 928 1490 966 diabolo,
1515 937 1627 960 verum
1651 928 1745 961 etiam
1765 938 1783 961 a
1807 929 1942 968 inund03
1961 929 2164 962 Ecclesiastici
2189 929 2275 971 vige-

1309 981 1388 1014 simo
1402 982 1446 1013 ¹⁰:
1475 994 1491 1009 α
1508 982 1605 1013 Fatuo
1630 991 1692 1014 non
1716 981 1777 1014 erit
1800 982 1938 1021 amicus,
1955 986 1986 1015 et
2002 992 2064 1015 non
2088 982 2149 1015 erit
2172 982 2275 1024 gratia

1310 1034 1340 1066 in
1365 1034 1455 1066 bonis
1478 1033 1563 1066 illius
1583 1046 1621 1073 »;
1646 1037 1678 1067 et
1701 1038 1788 1076 post:
1819 1048 1834 1063 «
1851 1035 1979 1077 Quoties
2002 1038 2034 1068 et
2053 1035 2162 1077 quanti
2191 1034 2276 1068 deri-

1309 1087 1430 1120 debunt
1453 1095 1526 1119 eum
1543 1100 1558 1115 »
1588 1090 1646 1119 etc.
2126 1105 2129 1107 Δ

1401 1140 1452 1172 61.
1478 1139 1579 1180 (Vers.
1605 1140 1777 1180 31.).·Auc
1806 1141 1882 1184 quis
1905 1149 1966 1174 rex
1989 1141 2104 1174 iturus
2127 1140 2275 1174 commit—

1311 1197 1375 1226 tere
1391 1197 1449 1226 etc.
1475 1194 1577 1236 Supra
1597 1194 1760 1236 proposuit
1784 1195 1966 1237 parabolam
1982 1196 2021 1228 de
2045 1196 2173 1229 homine
2193 1195 2274 1229 aedi-

1310 1248 1438 1285 ficante,
1456 1246 1506 1279 hic
1527 1246 1674 1289 proponit
1689 1248 1871 1290 parabolam
1891 1249 1930 1281 de
1946 1258 2022 1291 repe
2034 1248 2219 1291 proeliante
2232 1249 2272 1288 ¹¹;

1310 1300 1341 1332 in
1366 1309 1430 1342 qua
1445 1300 1573 1342 quidem
1589 1304 1678 1342 parte
1702 1300 1763 1334 tria
1779 1301 2042 1341 introducuntur,
2063 1301 2274 1344 scilicetpro-

1307 1353 1429 1395 positio
1454 1353 1541 1392 belli,
1555 1354 1733 1396 praev-isio
1746 1355 1891 1396 periculi
1905 1358 1937 1387 et
1954 1354 2104 1397 provisio
2125 1355 2273 1388 remedii.

1401 1407 1505 1440 Primo
1533 1407 1630 1449 igitur
1660 1412 1813 1450 quantum
1846 1408 1885 1441 ad
1915 1408 2171 1451 propositionem
2203 1408 2277 1441 belli

1310 1460 1403 1493 dicit:
1429 1461 1496 1492 Aut
1520 1461 1596 1504 quis
1619 1471 1679 1493 rese
1704 1461 1817 1493 iturus
1841 1461 2041 1493 committere
2072 1460 2190 1494 bellum
2214 1461 2274 1494 ad-

1310 1523 1427 1545 versus
1451 1513 1558 1546 alium
1582 1524 1699 1557 regem.
1726 1516 1793 1547 Rex
1818 1515 1876 1547 iste
1907 1518 1955 1548 est
1978 1515 2128 1557 quilibet,
2156 1515 2210 1558 qui
2243 1524 2276 1549 se

1311 1565 1391 1607 regit
1408 1566 1581 1599 secundum
1600 1567 1697 1609 legem
1719 1567 1788 1606 Dei;
1808 1567 2049 1600 Proverbiorum
2070 1567 2221 1610 vigesimo
2234 1568 2275 1600 ¹²:

1316 1632 1331 1647 ε(
1350 1620 1433 1658 Rex,
1458 1620 1512 1661 qui
1543 1620 1631 1653 sedet
1653 1620 1685 1653 in
1718 1620 1795 1653 solio
1818 1620 1958 1653 iudicii»
1987 1624 2067 1660 etc.;
2099 1624 2129 1654 et
2160 1622 2276 1663 Apoca-

1312 1673 1407 1714 lypsis
1431 1673 1558 1714 quinto:
1588 1686 1603 1702 «
1620 1674 1729 1707 Fecisti
1754 1684 1811 1707 nos
1835 1674 1899 1707 Deo
1931 1677 2040 1707 nostro
2063 1683 2213 1716 regnum,
2245 1678 2276 1707 et

1311 1726 1513 1768 regnabimus
1544 1736 1640 1769 super
1673 1731 1791 1760 terram
1812 1741 1842 1760 n.
1877 1727 1968 1760 Istius
1999 1730 2047 1760 est
2077 1727 2277 1760 committere

1312 1778 1449 1817 bellum;
1473 1780 1565 1821 quia,
1583 1781 1635 1813 lob
1651 1781 1784 1822 septimo
1798 1780 1835 1820 ¹³,
1857 1793 1871 1809 «
1890 1780 2001 1812 militia
2024 1783 2071 1812 est
2088 1780 2152 1812 vita
2175 1780 2275 1813 homi-

1311 1832 1359 1865 nis
1383 1841 1479 1874 super
1504 1835 1621 1866 terram
1638 1847 1669 1865 ».
1697 1834 1757 1866 Hoc
1780 1837 1887 1867 autem
1912 1833 2078 1875 tripliciter
2102 1833 2197 1866 habet
2228 1835 2275 1867 in-

1312 1885 1424 1927 telligi:
1450 1886 1514 1925 vel,
1539 1887 1623 1928 quod
1655 1887 1727 1929 quis
1750 1886 1926 1919 committat
1956 1885 2075 1918 bellum
2104 1895 2177 1919 cum
2201 1897 2276 1930 reye

1310 1938 1501 1980 superbiae,
1525 1939 1564 1972 de
1580 1949 1644 1981 quo
1661 1939 1713 1972 lob
1729 1938 1970 1981 quadragesimo
1994 1938 2099 1979 primo
2113 1938 2153 1970 ¹4:
2177 1952 2193 1968 «
2208 1939 2276 1981 Ipse

1311 1995 1358 2024 est
1390 2001 1449 2024 rex
1484 2002 1580 2035 snper
1611 2001 1720 2026 omnes
1755 1993 1836 2025 filios
1864 1991 2032 2034 superbiae
2054 2004 2089 2031 »3
2121 1993 2172 2026 vel
2202 2002 2275 2027 cum

1311 2054 1386 2086 reqe
1417 2045 1579 2085 iustitiae,
1603 2046 1641 2079 de
1673 2055 1737 2088 quo
1769 2046 1800 2078 in
1833 2045 1971 2078 Psalmo:
2002 2057 2017 2072 «
2038 2045 2135 2087 Reges
2167 2055 2220 2079 eos
2243 2046 2276 2079 in

1313 2098 1400 2139 virga
1415 2112 1431 2126 »
1460 2103 1533 2138 etc.;
1559 2099 1608 2132 vel
1640 2108 1714 2132 cum
1737 2108 1813 2141 repe
1839 2106 2006 2140 supernae
2025 2098 2274 2140 providentiae,

1311 2151 1349 2184 de
1373 2161 1437 2193 quo
1461 2152 1662 2186 Ecclesiastae
1685 2152 1814 2194 quinto:
1844 2164 1859 2180 <r
1873 2151 2004 2192 Insuper
2029 2159 2088 2184 rex
2108 2151 2276 2185 universae

1313 2208 1416 2238 terrae
1432 2205 1565 2248 imperat
1583 2220 1598 2235 »
1619 2210 1678 2239 etc.
1697 2224 1737 2229 —-
1755 2204 1927 2238 Committit
1943 2207 2049 2237 autem
2067 2204 2186 2238 bellum
2202 2214 2275 2238 cum

1312 2268 1386 2301 reye
1408 2259 1599 2301 superbiae,
1623 2259 1750 2302 quando
1773 2259 1813 2291 ab
1836 2258 1904 2300 ipso
1927 2257 2088 2297 dissentit;
2113 2258 2151 2291 ad
2175 2259 2276 2302 Ephe-

1312 2312 1373 2345 sios
1390 2316 1481 2345 sexto
1495 2313 1538 2345 ¹⁵:
1560 2326 1576 2342 α
1593 2313 1658 2346 Non
1676 2315 1725 2346 est
1739 2312 1829 2345 nobis
1846 2311 2024 2344 colluctatio
2039 2311 2191 2345 adversus
2207 2321 2277 2346 car-

1312 2374 1382 2398 nem
1407 2370 1438 2398 et
1462 2366 1664 2408 sanguinem,
1689 2366 1742 2399 sed
1766 2365 1919 2398 adversus
1935 2364 2043 2397 mundi
2069 2368 2208 2399 rectores
2233 2370 2277 2400 te-

1312 2418 1482 2452 nebrarum
1509 2420 1622 2452 harum
1641 2433 1670 2451 ».
1689 2438 1731 2443 -
1749 2417 1921 2451 Committit
1945 2417 2037 2450 etiam
2063 2418 2180 2451 bellum
2202 2428 2275 2452 cum

1312 2481 1387 2514 reye
1419 2472 1586 2511 iustitiae,
1618 2472 1745 2515 quando
1780 2472 1848 2504 vult
1880 2471 1911 2503 in
1947 2475 2118 2513 conspectu
2152 2472 2208 2506 Dei
2243 2481 2277 2506 se

357 2666 365 2680 ¹
388 2667 462 2691 Vers.
486 2667 523 2691 ll.

356 2710 366 2724 ²
388 2711 460 2736 Vcrs.
481 2710 522 2735 24.
543 2724 577 2729 —
597 2711 685 2736 Glossa
712 2710 909 2736 interlinearis:
938 2711 1061 2737 Posuerit
1085 2711 1246 2744 fundamen-

286 2757 358 2787 tum,
379 2756 449 2781 fidei.

357 2797 367 2812 ¹³
389 2799 462 2824 Vers.
483 2800 523 2823 25⁴.
544 2813 578 2818 —
598 2799 801 2830 'slieopliyla‹:t.,
821 2798 845 2823 in
867 2800 926 2824 Luc.
951 2798 995 2829 ¹4,
1016 2796 1247 2830 ‘28:1³er'parab0-

287 2845 336 2869 lam
358 2844 434 2869 turris
454 2844 530 2869 docet
549 2851 596 2868 nos
617 2843 757 2874 Dominus,
778 2847 804 2868 ut
826 2843 850 2867 hi
871 2843 914 2875 qui
935 2844 1013 2868 seiiicl
1028 2844 1172 2875 delegerint
1185 2852 1246 2869 euni

287 2888 375 2920 sequi,
395 2887 463 2912 idem
485 2888 649 2918 propositum
670 2890 775 2911 servent
801 2894 847 2911 nec
866 2887 1071 2920 solum'iacennt
1094 2888 1247 2912 fundamen-

288 2935 356 2962 tum,
376 2932 426 2956 hoc
445 2934 496 2961 est,
517 2938 548 2955 ne
569 2930 692 2962 incipiant
712 2934 810 2955 tantuin
831 2931 920 2963 sequi,
940 2934 965 2956 et
984 2935 1071 2961 postea
1096 2932 1173 2955 linem
1194 2939 1247 2956 nou

288 2975 450 3007 imponant...
469 2976 545 3000 Tales
566 2977 668 3000 fuerunt
688 2976 728 3005 lii,
748 2975 891 3008 dequibus
905 2976 1065 3006 tivangelista
1081 2977 1187 3001 loannes
1207 2977 1246 3007 16,

288 3019 343 3053 67.]
363 3020 438 3045 dicit:
460 3019 539 3046 Mulli
556 3019 640 3052 initur
660 3027 694 3045 m·
713 3019 851 3052 discipulis
871 3019 927 3045 eius
946 3019 1072 3046 obierunt
1084 3021 1246 3046 retrorsum.

357 3062 368 3077 ⁴
388 3065 460 3089 Vers.
483 3064 525 3089 13.
545 3064 627 3089 Codd.
647 3064 760 3095 allegant
779 3063 871 3089 Mami,
888 3062 938 3093 15,
960 3063 1003 3088 ubi
1025 3070 1051 3088 v.
1065 3064 1107 3089 211.
1121 3064 1246 3089 sententia

286 3108 408 3140 quidem,
428 3108 473 3134 sed
495 3116 544 3133 nou
564 3108 644 3133 verba
664 3112 814 3134 occurrunt.

357 3151 368 3166 ⁶
388 3153 461 3178 Vers.
482 3153 523 3178 28.
544 3157 570 3178 et
588 3153 683 3179 deinde
704 3154 778 3178 Prov.
801 3153 848 3185 48,
869 3153 894 3178 9.

357 3197 368 3214 ὅ
387 3198 470 3224 Codd.
490 3198 507 3223 F
521 3199 541 3223 G
562 3198 594 3229 (1)
613 3198 744 3229 primitus)
772 3197 885 3223 viderint
911 3198 954 3230 (itu
978 3198 1054 3223 etiam
1075 3200 1200 3230 Gregor.,
1220 3200 1248 3224 ll.

288 3242 381 3268 Homil.
400 3243 425 3268 in
446 3243 544 3274 Evong.
565 3243 652 3269 homil.
674 3243 715 3268 37.
736 3250 760 3267 n.
782 3244 811 3273 6;
834 3243 915 3274 Beda,
935 3242 1011 3269 Card.
1033 3244 1108 3274 tingo
1128 3246 1153 3268 et
1172 3244 1248 3274 Lyra-

288 3293 338 3312 nus
350 3286 376 3311 in
390 3286 532 3319 margine),
545 3286 709 3314 Cvirterunc.
729 3301 761 3305 —
782 3287 838 3312 Duo
853 3294 927 3319 seqq.
941 3287 988 3312 lori
1003 3291 1062 3312 sunt
1076 3288 1090 3312 Ι.
1105 3287 1163 3313 Cor.
1179 3287 1208 3317 t,
1222 3288 1246 3313 9.

288 3333 314 3355 et
332 3330 419 3355 Matth.
438 3330 468 3361 5,
490 3330 529 3355 tt.
549 3338 604 3363 seq.
626 3345 658 3349 —
678 3332 767 3356 filossa
787 3330 970 3357 inim-linearis
990 3331 1031 3361 (ex
1051 3333 1175 3363 (ji-egon,
1196 3332 1244 3357 loc.

288 3374 357 3408 cit.):
379 3373 485 3406 Omnes,
506 3374 553 3408 qni
571 3375 673 3407 rident,
695 3376 799 3407 maligni
826 3376 946 3407 spiritus,
966 3376 1010 3409 qui
1032 3377 1194 3406 gratulantur
1213 3377 1247 3402 de

287 3421 376 3444 nostro
394 3419 506 3444 defectu.

1381 2667 1391 2681 ⁷
1415 2669 1486 2694 Vei-s.
1507 2669 1536 2699 7,
1557 2672 1615 2700 post
1634 2676 1713 2701 quem
1735 2669 1774 2693 Ρε.
1795 2667 1842 2699 24,
1863 2668 1887 2692 3.

1381 2712 1391 2726 ⁸
1412 2714 1472 2739 Sive
1493 2714 1519 2739 ll.
1539 2714 1635 2739 Esdrae
1656 2713 1685 2745 t,
1706 2714 1736 2743 3,
1757 2712 1801 2737 ubi
1822 2712 1879 2737 Vat.
1900 2718 1959 2737 cum
1976 2712 2101 2744 Vulgata:
2116 2712 2276 2748 Aedificant,-

1310 2757 1334 2782 si
1352 2757 1501 2784 ascenderit
1519 2757 1626 2790 vulpes,
1647 2756 1782 2783 transiliet
1799 2759 1849 2782 etc.

1381 2799 1392 2814 ⁹
1413 2802 1445 2826 lta
1471 2802 1548 2827 etiam
1575 2801 1651 2827 Card.
1681 2802 1771 2833 Hugo;
1800 2801 1926 2826 sententia
1956 2801 2064 2832 allegata
2094 2802 2225 2828 invenitur
2250 2801 2276 2827 in

1310 2846 1399 2870 Glossn
1420 2845 1562 2872 ordinaria
1582 2846 1607 2871 iu
1628 2846 1690 2872 Luc.
1712 2846 1758 2876 tt,
1779 2846 1822 2870 29.
1841 2848 1866 2870 et
1885 2849 1970 2870 sumta
1991 2849 2029 2870 est
2048 2853 2077 2871 ex
2102 2847 2227 2878 (Ji-egon,
2246 2847 2275 2872 ΙΙ.

1312 2890 1402 2914 Homil.
1424 2890 1448 2915 iu
1469 2891 1567 2921 livang.
1589 2890 1678 2916 homil.
1699 2889 1740 2915 37.
1761 2897 1787 2914 n.
1807 2890 1838 2919 6,
1857 2896 1937 2921 quem
1958 2890 2076 2922 sequitur
2095 2890 2174 2916 Beda.
2212 2895 2216 2898 '

1384 2932 1404 2947 '⁰
1427 2934 1498 2959 vers.
1522 2934 1561 2959 17.
1581 2938 1606 2959 et
1627 2935 1669 2959 18.

1384 2976 1404 2991 ¹¹
1424 2977 1475 3003 Cfr.
1496 2985 1576 3009 supra
1596 2985 1620 3002 n.
1641 2977 1685 3002 56.
1700 2992 1733 2995 —
1748 2977 1854 3002 inferius
1874 2983 1922 3008 pro
1940 2976 2060 3010 provisio
2079 2978 2191 3004 remedii
2210 2978 2234 3003 in
2255 2979 2277 3003 D

1312 3022 1426 3047 secunda
1448 3029 1541 3047 manus
1559 3021 1692 3047 substituit
1708 3021 1869 3055 procuratio
1888 3020 2016 3053 remedii,-
2035 3022 2103 3048 idem
2118 3023 2229 3048 recurrit
2242 3022 2277 3048 in-

1313 3066 1348 3090 fra
1368 3073 1393 3090 n.
1414 3066 1456 3091 64.

1385 3108 1405 3123 ¹⁹
1427 3110 1501 3135 Vers.
1521 3111 1550 3140 8,
1571 3110 1613 3135 cui
1632 3110 1801 3141 subiungitur
1821 3111 1901 3141 Apoc.
1922 3110 1951 3140 5,
1973 3110 2014 3135 10.
2028 3124 2063 3129 -
2076 3111 2275 3143 Theophylact.,

1313 3153 1337 3178 in
1358 3154 1420 3179 Luc.
1442 3154 1472 3179 tt
1482 3173 1488 3184 ,
1503 3155 1530 3178 31
1545 3163 1550 3179 :
1565 3155 1621 3181 Rea?
1635 3155 1712 3179 etium
1727 3157 1752 3179 et
1765 3154 1869 3179 animus
1882 3157 1970 3179 noster
1983 3154 2106 3180 conditus
2119 3158 2166 3181 est.
2180 3155 2216 3180 Ne
2230 3155 2276 3186 igi·

1312 3202 1361 3228 tur,
1381 3206 1441 3223 cuin
1462 3198 1634 3224 resistendum
1649 3202 1688 3224 est
1701 3202 1821 3230 peccato,
1841 3198 2040 3230 pusillanimiter
2055 3198 2115 3224 illud
2130 3199 2276 3231 impugnet.

1386 3241 1407 3255 ¹³
1429 3243 1502 3267 Vei-s.
1523 3243 1546 3267 t.
1566 3242 1650 3268 Codd.
1670 3243 1752 3269 ACD
1777 3243 1900 3268 omittunt
1919 3242 1999 3269 Istius
2019 3244 2057 3269 cst
2082 3243 2274 3269 committere...

1312 3287 1424 3312 terram.

1384 3329 1406 3344 ¹⁴
1427 3331 1500 3356 Vers.
1520 3331 1562 3356 25.
1577 3345 1611 3350 —
1626 3332 1682 3366 Duo
1702 3339 1777 3364 seqq.
1797 3332 1846 3357 loci
1859 3334 1920 3357 sunt
1934 3331 1973 3357 es.
1988 3332 2019 3363 2,
2033 3332 2058 3357 9.
2071 3334 2097 3357 et
2110 3332 2190 3358 Eccle.
2204 3332 2234 3363 5,
2248 3333 2274 3358 8.

1384 3378 1389 3388 ¹
1426 3375 1497 3400 Vers.
1520 3375 1561 3401 ⁴2.

2292 723 2417 748 Notandum.
2430 702 2431 711 ἵ

2293 1149 2324 1172 De
2339 1150 2424 1181 parabol.

2306 1182 2362 1203 regis
2375 1184 2422 1205 pros

2305 1203 2376 1225 liantis
2383 1206 2421 1226 tria
2471 1210 2476 1222 '2

2295 1416 2395 1438 Primum.

2295 1842 2376 1864 Bellum
2387 1843 2420 1864 tri-

2330 1869 2387 1896 plex-

2296 2214 2326 2235 De
2356 2214 2408 2236 rimo

2317 2241 2343 2263 be
2352 2241 2379 2262 lo.

2293 2427 2323 2449 De
2339 2426 2423 2448 secund(
