2476 3921
148 642 275 663 Nomadum.

297 227 362 261 1236

298 316 409 358 quinto
422 315 448 346 ¹:
470 327 485 343 «ι
503 313 686 346 Movebatur
706 321 799 354 aqua,
824 315 855 344 et
872 311 1043 344 sanabatur
1067 319 1151 342 unus
1169 322 1204 348 »;
1229 313 1261 342 et
1290 309 1295 340 1

297 369 440 401 Christus
464 377 564 400 uuum
597 370 719 399 tantum
744 366 785 399 ibi
818 365 959 402 curavit,
988 367 1040 402 ut,
1072 363 1155 396 sicut
1185 363 1261 396 dicit

298 422 506 464 Augustinus,
538 419 734 457 ostenderet,
766 418 851 460 quod
883 417 991 450 nullus
1022 416 1126 449 sanari
1159 419 1261 457 potest

297 477 354 508 nisi
380 475 463 507 intra
485 473 724 507 ecclesiasticam
742 471 910 509 unitate1n;
934 470 972 503 de
996 479 1060 511 qua
1077 469 1198 502 unitate
1221 468 1260 500 ad

299 529 447 570 Ephesios
463 530 577 569 quarto
590 527 617 558 2':
636 539 651 553 «
665 524 803 563 Solliciti,
817 532 944 557 servare
960 523 1111 555 unitatem
1129 521 1261 563 spiritus

298 584 329 615 in
346 582 471 615 vinculo
495 581 580 623 pacis
592 594 622 611 n.
645 592 661 608 «
675 579 761 612 Unus
785 578 951 615 Dominus,
969 585 1033 609 una
1049 576 1141 613 fides,
1159 584 1259 607 unum

297 636 481 677 baptisma»
518 637 576 666 etc.
602 633 655 665 llic
686 635 791 664 autem
816 640 900 663 unus
923 630 1040 663 dicitur
1071 629 1189 661 eadere
1223 628 1260 659 in

296 689 434 731 faciem,
452 688 525 730 quia
544 687 678 720 Ecclesia
694 695 754 718 non
774 689 893 717 tantum
913 683 1006 716 habet
1023 682 1185 714 unitatem
1203 689 1258 722 per

297 752 454 781 amorem,
479 750 591 775 verum
609 741 702 773 etiam
719 738 937 771 humilitatem
955 745 1010 778 per
1034 734 1258 777 gratitudinem

296 801 327 830 et
351 797 493 828 timorem
507 795 529 826 11.
555 794 616 826 lloc
632 792 786 834 significat
802 791 867 832 ipse
884 799 984 822 casas
1001 789 1035 821 in
1051 787 1191 830 faciem‚·
1208 796 1258 819 ca-

297 860 351 883 sus
370 850 452 882 enim
484 848 519 880 in
550 846 672 889 faciem
696 845 850 887 significat
879 842 1116 879 reverentiam,
1145 849 1258 873 secun-

295 904 371 936 ‹lum
395 902 471 935 illud
497 899 693 942 Apocalypsis
717 897 893 939 septimo-¹:
924 909 939 924 «
956 896 992 928 Et
1016 903 1124 927 omnes
1151 893 1257 935 Angeli

296 957 420 990 stabant
454 956 483 987 in
521 954 656 987 circuitu
690 951 826 983 throni»
856 954 933 987 etc.;
966 948 1020 981 sed
1056 956 1148 980 casus
1182 950 1257 988 post

297 1016 424 1053 tei-pam
457 1008 609 1050 significat
641 1006 803 1042 ruina-nm
836 1003 956 1035 loannis
979 1002 1101 1034 decimo
1124 1004 1256 1033 octavo:

302 1078 315 1091 «
330 1063 480 1096 Abierunt
512 1065 686 1093 retrorsum
718 1062 748 1090 et
772 1057 953 1090 ceciderunt
977 1055 1007 1087 in
1033 1058 1151 1087 terram
1168 1066 1204 1092 »;
1226 1057 1257 1086 et

298 1117 389 1159 primi
415 1116 531 1157 Regum
556 1117 685 1155 quarto:
715 1125 729 1140 a
748 1111 863 1143 Cecidit
887 1110 950 1142 Heli
974 1109 1012 1141 de
1037 1108 1113 1141 sella
1136 1112 1257 1140 retror-

297 1179 366 1203 sum
384 1183 414 1201 ι).
439 1168 525 1201 Unde
552 1166 701 1199 Glossa⁵:
731 1178 747 1193 α
763 1164 822 1206 Qui
846 1164 877 1196 in
908 1163 1018 1195 faciem
1043 1161 1125 1194 cadit
1154 1161 1256 1199 videt,

297 1233 361 1266 quo
385 1222 489 1260 cadat;
515 1220 567 1262 qui
594 1224 680 1251 retro
703 1218 785 1250 cadit
808 1226 870 1249 non
899 1216 991 1248 videt.
1018 1215 1091 1247 Boni
1117 1223 1193 1256 ergo
1225 1214 1256 1246 in

296 1277 417 1319 faciem
442 1274 573 1311 cadunt,
598 1272 672 1314 quia
688 1271 855 1303 humiliant
878 1278 911 1302 se
933 1269 962 1301 in
987 1269 1037 1301 his
1057 1267 1256 1306 visibili-bus,

298 1331 350 1363 nbi
376 1329 497 1365 vident,
523 1326 598 1368 quid
622 1334 675 1358 eos
698 1328 865 1366 sequatur,
890 1327 925 1355 ut
942 1322 981 1354 ad
1005 1321 1172 1354 invisibilia
1195 1321 1257 1353 eri-

297 1388 420 1425 gantur.
446 1381 514 1413 Mali
541 1385 628 1412 retro
653 1378 786 1416 cadunt,
810 1377 885 1419 quia
908 1376 1024 1409 cadunt
1049 1375 1080 1408 in
1105 1375 1256 1407 invisibi-

297 1437 400 1475 libus,
425 1435 477 1468 ubi
496 1444 556 1466 non
575 1433 696 1470 vident,
713 1431 788 1474 quid
806 1440 858 1463 eos
875 1433 1027 1472 sequatur
1040 1443 1070 1461 ».
1096 1429 1184 1461 Cadit
1199 1438 1256 1461 au-

297 1495 357 1523 tem
383 1489 453 1531 quis
477 1488 513 1519 in
535 1486 657 1529 faciem
681 1486 711 1517 in
729 1494 953 1526 supernorum
979 1482 1188 1515 mirabilium
1205 1492 1256 1514 re-

298 1543 468 1580 velatione,
498 1541 579 1573 sicut
609 1539 724 1572 dicitur
749 1537 884 1570 Danielis
915 1536 1080 1569 decim061
1112 1535 1253 1568 «Audivi

299 1606 402 1629 vocem
428 1603 608 1628 sermonum
634 1593 719 1631 eius,
743 1596 773 1624 et
797 1591 928 1624 audiens
952 1591 1089 1623 iacebam
1114 1592 1255 1622 conster-

296 1654 388 1683 natus
412 1657 507 1690 super
532 1648 640 1680 faciem
665 1655 784 1683 meam,
810 1649 840 1677 et
865 1645 972 1677 vultus
997 1653 1087 1676 meus
1105 1643 1255 1676 haerebat

296 1708 399 1736 terrae
417 1716 445 1733 n.
472 1702 503 1733 ln
528 1700 719 1732 divinorum
744 1697 989 1730 charismatum
1010 1696 1256 1738 postulatione,-

298 1756 397 1789 lndith
431 1759 521 1788 sexto
538 1754 568 1786 ⁷:
599 1766 613 1781 «
631 1752 739 1785 Omnis
763 1752 899 1794 populus
931 1751 1042 1783 cecidit
1073 1750 1104 1782 'm
1130 1749 1255 1788 faciem,

295 1810 460 1842 adorantes
483 1808 602 1846 Deum,
627 1810 658 1839 et
681 1805 840 1839 communi
864 1804 1084 1837 lamentatione
1115 1807 1146 1836 et
1178 1803 1256 1836 fletu

297 1862 459 1895 unanimes
484 1869 592 1903 preces
623 1868 696 1892 suas
728 1858 860 1891 Domino
892 1857 1105 1891 effuderunt»
1134 1860 1192 1889 etc.
1224 1856 1256 1888 ln

295 1914 524 1956 beneficiorum
547 1912 772 1954 susceptivam
795 1911 922 1944 Genesis
950 1911 1071 1943 decimo
1102 1910 1256 1952 septimo:

299 1968 447 2000 «Cecidit
471 1967 626 1999 Abraham
650 1966 681 1998 in
706 1965 815 1998 faciem
840 1974 929 1998 suam
954 1968 984 1997 et
1009 1964 1109 1996 risit»
1132 1967 1191 1996 010.

383 2021 434 2054 32.
460 2021 560 2062 (Vers.
589 2020 663 2060 17.).
689 2019 831 2052 Secundo
860 2021 1016 2060 quantum
1043 2017 1083 2050 ad
1114 2017 1257 2060 ingyrati-

130 2075 420 2108 lngratimdinisgudmig
452 2074 662 2117 argutionem
693 2072 814 2105 subdit:
848 2072 1056 2114 Respondeas
1081 2075 1192 2103 autem
1211 2071 1257 2103 Ie-

162 2104 253 2129 argutio.

293 2139 352 2161 sas
375 2129 479 2161 dz‘oez't:
505 2127 619 2160 Nonne
642 2127 749 2159 decem
774 2125 931 2158 mundati·
953 2128 1051 2163 sunl,
1083 2128 1111 2157 el
1142 2134 1258 2156 novem

295 2183 353 2215 ubi
382 2181 488 2214 sant?
521 2181 587 2213 Non
618 2176 743 2222 quaerit
778 2179 816 2211 de
846 2187 958 2211 novem
994 2178 1076 2210 sicut
1110 2178 1259 2219 ignorans

295 2236 463 2268 cuiuslibet
487 2243 598 2267 eorum
620 2242 801 2275 personam,
822 2232 875 2264 sed
892 2231 1066 2273 reprobans
1091 2230 1257 2272 ingratitu-

294 2290 375 2321 dinis
391 2287 648 2324 irreverentiam,
672 2286 754 2318 sicut
770 2285 941 2326 quaerebat
963 2284 1114 2316 Dominus
1129 2282 1257 2315 Genesis

296 2341 431 2375 tertioss:
460 2354 475 2369 (ι
493 2340 603 2378 Adam,
627 2339 682 2371 ubi
705 2348 738 2371 es
755 2342 795 2370 n?
819 2338 904 2370 Unde
927 2337 1053 2369 Glossa:
1083 2336 1257 2378 «Ingratos

295 2395 384 2437 quasi
410 2395 548 2436 ignotos,
573 2392 627 2424 ubi
653 2391 731 2429 sint,
758 2390 891 2432 requirit
907 2402 943 2428 »;
968 2390 1011 2422 ita
1034 2392 1071 2421 ut
1087 2389 1117 2421 in
1143 2389 1187 2421 eis
1203 2397 1256 2421 ve-

296 2448 437 2480 rificetur
461 2446 539 2478 illud
564 2445 685 2487 primae
708 2444 746 2476 ad
774 2443 953 2476 Corinthios
976 2442 1099 2475 decimo
1123 2444 1255 2484 quarto:

300 2514 315 2529 <1
333 2501 480 2542 Ignorans
504 2498 701 2541 ignorabitur
718 2510 748 2528 ».

878 221 1070 255 COMMENT.
1097 220 1134 254 IN
1158 220 1397 254 EVANGELIUM
1421 219 1540 253 LUCAE
1563 219 1596 253 C.
1621 220 1731 253 xvii„

1414 309 1467 342 33.
1493 310 1595 350 (Vers.
1623 309 1698 349 18.).
1725 308 1761 341 Et
1776 308 1861 347 ideo,
1885 311 1922 341 ut
1942 308 2103 348 ostendat,
2128 310 2214 352 quod
2231 310 2291 344 hoe
2310 298 2435 346 iudaeorum}
2468 302 2470 341 ζ

1324 362 1523 405 reprobando
1554 362 1681 400 dixit⁹,
1707 361 1832 394 subdit:
1864 361 1939 394 Non
1971 365 2018 394 esc
2048 362 2202 395 inventus
2232 372 2291 407 qai

1324 416 1449 448 rediret
1471 420 1500 448 et
1523 415 1619 448 daret
1639 414 1788 457 ploriam
1814 414 1889 453 Deo,
1913 414 1984 447 nisi
2006 413 2060 447 liic
2092 415 2289 458 alieniyena.

1324 468 1356 500 In
1381 477 1445 510 quo
1470 467 1632 511 manifeste
1660 466 1838 499 ostenditur
1867 466 2054 500 Iudaeorum
2080 467 2292 510 ingratitudo,

1324 521 1416 563 quia,
1442 529 1514 553 cum
1540 523 1645 553 essent
1668 529 1801 558 novem,
1824 519 1933 553 nullus
1956 529 1998 553 ex
2022 520 2068 554 eis
2100 520 2210 560 rediit,
2235 521 2290 554 sed

1324 574 1410 606 solus
1434 573 1492 606 iste
1517 573 1751 622 Samaritanus,
1776 573 1830 616 qui
1855 573 1971 607 unicus
1994 577 2063 607 erat
2086 578 2117 607 et
2140 575 2237 608 solus.
2259 575 2293 608 ln

1324 636 1388 669 quo
1404 626 1592 669 intelligitur
1606 626 1726 659 electio
1743 626 1885 668 gentium
1909 630 1940 659 et
1957 627 2140 669 reprobatio
2163 627 2292 661 Iudaeo-

1324 689 1407 718 rum,
1432 679 1606 712 secundum
1623 679 1701 712 illud
1717 680 1756 712 ad
1777 680 1926 722 Ephesios
1950 680 2088 713 secundo
2103 681 2148 712 ¹⁰:
2178 693 2194 709 α
2212 681 2292 721 Vos,

1322 733 1376 775 qui
1401 733 1498 765 eratis
1521 733 1690 775 aliquando
1713 736 1823 775 gentes
1854 733 1885 765 in
1910 741 2024 772 carne,
2049 733 2105 775 qui
2130 733 2227 766 eratis
2258 734 2292 766 in

1321 786 1375 818 illo
1407 790 1549 828 tempore
1573 787 1639 819 sine
1670 786 1813 826 Christo,
1845 786 1971 819 alienati
2003 795 2022 819 a
2053 787 2292 820 conversatione

1322 839 1417 872 lsrael
1441 843 1472 872 et
1496 839 1636 881 hospites
1664 843 1944 878 testamentorum,
1969 840 2188 882 promissionis
2203 848 2291 882 spem

1322 902 1384 925 non
1409 889 1561 926 habentes
1584 896 1615 926 et
1639 893 1706 926 sine
1729 894 1794 926 Deo
1818 894 1848 925 in
1874 893 1934 926 hoc
1961 893 2091 926 mundo.
2116 893 2205 926 Nunc
2235 902 2293 926 au-

1321 950 1385 979 tem
1410 946 1441 978 in
1465 946 1591 979 Christo
1616 947 1684 979 lesu
1706 946 1857 988 vos„qui
1875 946 1972 979 eratis
1995 946 2165 989 aliquando
2182 947 2291 989 longe,

2286 363 2293 369 .
2304 345 2430 372 ingratitudo
2468 353 2470 369 1

2435 374 2437 396 ι

2435 419 2437 451 l

1321 1000 1393 1032 facti
1418 1000 1494 1033 estis
1519 1009 1616 1042 prope
1633 1014 1649 1029 »
1677 1004 1736 1033 etc.
1766 1000 1963 1043 Alieniyena
1994 1000 2111 1033 dicitur
2135 1000 2190 1043 qui
2214 1000 2288 1033 alibi
2309 1008 2367 1036 Quid
2383 1009 2442 1031 alien*

1321 1053 1442 1086 habitat
1466 1057 1497 1086 et
1520 1054 1593 1086 alibi
1619 1057 1713 1086 natus
1735 1056 1801 1092 est;
1826 1054 1871 1087 sic
1894 1058 1942 1087 est
1966 1054 2004 1087 de
2036 1054 2203 1097 omnibus,
2234 1053 2290 1096 qui

1321 1107 1490 1140 carnaliter
1508 1107 1571 1139 nati
1595 1107 1632 1140 ad
1650 1107 1799 1149 spiritum
1823 1110 2003 1146 transeunt,
2018 1107 2192 1140 secundum
2209 1106 2288 1139 illud

1321 1161 1360 1193 ad
1377 1161 1531 1193 Romanos
1547 1170 1630 1193 nono
1644 1162 1686 1203 ¹¹:
1709 1174 1724 1189 α
1736 1161 1800 1193 Non
1815 1161 1868 1203 qui
1887 1161 1942 1193 filii
1959 1161 2079 1200 carnis,
2096 1160 2127 1193 hi
2145 1160 2200 1193 filii
2217 1160 2288 1199 Dei,

1321 1214 1375 1247 sed
1398 1214 1451 1257 qui
1478 1214 1531 1247 lilii
1561 1218 1636 1247 sunt
1663 1215 1880 1257 promissionis
1904 1215 2112 1247 aestimantur
2141 1214 2172 1246 in
2197 1213 2291 1247 semi·
2325 1231 2327 1234 >

1320 1277 1360 1300 ne
1374 1281 1408 1306 νς
1426 1268 1515 1310 quia,
1532 1267 1615 1301 sicut
1638 1268 1754 1300 dicitur
1775 1267 1897 1300 loannis
1918 1268 2025 1306 tertio,
2048 1280 2063 1296 α
2077 1267 2162 1310 quod
2178 1270 2290 1300 natum

1321 1326 1368 1355 est
1390 1331 1431 1354 ex
1456 1330 1552 1354 carne
1577 1331 1651 1354 caro
1667 1325 1746 1354 est»
1768 1325 1826 1355 etc.
1846 1322 1881 1354 Et
1897 1321 1966 1354 ideo
1988 1321 2018 1353 in
2038 1321 2158 1354 Psalmo
2171 1321 2198 1340 ¹²
2214 1320 2291 1353 dici-

1322 1369 1375 1407 tur
1393 1375 1561 1407 Ecclesiae:
1585 1387 1600 1403 «
1616 1374 1809 1407 Obliviscere
1831 1374 1983 1416 populum
2003 1377 2093 1406 tuum
2114 1373 2291 1406 et·domum

1321 1428 1419 1470 patris
1440 1428 1485 1460 tui
1503 1441 1519 1456 »
1541 1430 1619 1466 etc.;
1637 1431 1668 1460 et
1684 1427 1719 1459 in
1735 1426 1852 1469 figura
1869 1426 1986 1459 dicitur
2003 1426 2146 1459 Abrahae
2163 1425 2292 1458 Genesis

1319 1480 1520 1513 duodecimo:
1542 1493 1557 1508 a
1576 1480 1730 1521 Egredere
1754 1480 1793 1512 de
1810 1483 1896 1512 terra
1921 1483 1976 1512 tua
1999 1483 2030 1512 et
2046 1479 2085 1512 de
2105 1478 2290 1521 cognatione

1320 1538 1375 1566 tua
1398 1538 1429 1567 et
1453 1534 1491 1566 de
1514 1533 1607 1566 domo
1631 1533 1730 1575 patris
1762 1533 1807 1565 tui
1832 1536 1863 1566 et
1887 1533 1956 1566 veni
1982 1532 2014 1565 in
2048 1536 2165 1565 terram
2183 1544 2199 1560 ιι
2229 1535 2289 1564 etc.

1322 1589 1359 1620 Et
1383 1588 1452 1621 ideo
1477 1587 1597 1630 primae
1629 1587 1710 1619 Petri
1743 1586 1900 1619 secundo:
1931 1585 2102 1619 «Obsecro
2133 1593 2189 1618 vos
2220 1587 2290 1617 tan-

1320 1652 1416 1684 quam
1434 1642 1576 1680 advenas,
1592 1644 1624 1673 et
1644 1640 1841 1682 peregrinos,
1866 1639 2025 1673 abstinere
2043 1648 2098 1672 vos
2121 1648 2140 1671 a
2156 1632 2290 1672 carnali-

1321 1697 1382 1729 bus
1405 1695 1570 1728 desideriis
1586 1708 1601 1723 »
1631 1698 1689 1727 etc.

2351 1041 2413 1062 gena.
2448 1058 2449 1065 ¹

1410 1749 1463 1782 34.
1488 1749 1590 1790 (Vers.
1620 1749 1694 1787 19.).
1720 1748 1826 1781 Tertio
1854 1751 2009 1790 quantum
2041 1747 2080 1779 ad
2106 1745 2463 1790 9701131011·-6333111111,Ἰ

1319 1804 1374 1836 nis
1398 1802 1673 1845 approbationem
1697 1801 1877 1844 subiungit:
1905 1802 1943 1833 El
1960 1801 2010 1833 ait
2025 1800 2137 1833 illim.-
2163 1800 2289 1842 Surge,

1320 1857 1421 1895 vade,
1447 1856 1529 1899 qaia
1552 1855 1634 1897 fides
1666 1860 1727 1888 taa
1751 1858 1780 1887 te
1808 1854 1943 1887 salvam
1966 1853 2053 1897 fecit.
2080 1854 2207 1896 Sar-96,
2232 1861 2289 1894 per

1321 1910 1564 1953 poenitentiam;
1589 1909 1628 1941 ad
1654 1908 1802 1950 Ephesios
1818 1908 1947 1950 quinto:
1977 1920 1993 1936 «τ
2010 1908 2126 1949 Surge,
2143 1906 2198 1948 qui
2215 1906 2289 1938 dor-

1321 1964 1399 2002 mis,
1422 1967 1453 1996 et
1470 1971 1609 2005 exsurge
1633 1972 1652 1994 a
1669 1962 1803 1994 mortuis
1819 1973 1855 2001 »;
1880 1965 1911 1994 01
1927 1962 2061 1993 Actuum
2086 1959 2288 1992 duodecimo:

1326 2030 1340 2045 «
1360 2016 1515 2049 Excitavit
1538 2024 1627 2054 eum,
1651 2015 1772 2048 dicens:
1802 2027 1818 2043 «
1836 2015 1936 2056 Surge
1961 2013 2109 2046 velociter
2134 2026 2164 2043 ι).
2189 2011 2288 2050 Vade,

1323 2079 1379 2112 per
1397 2069 1566 2107 iustitiam;
1592 2068 1737 2100 Matthaei
1754 2070 1865 2100 octavo
1878 2068 1923 2099 ¹4:
1947 2080 1962 2095 «
1981 2066 2055 2098 Dico
2071 2065 2164 2098 huic:
2190 2064 2288 2104 Vade,

1321 2127 1352 2156 et
1378 2123 1505 2161 vadit»,
1530 2122 1647 2155 scilicet
1672 2131 1728 2163 per
1744 2121 1968 2159 obedientiam,
1991 2128 2073 2162 quae
2097 2122 2145 2152 est
2160 2118 2290 2151 nobilis-

1321 2177 1400 2209 sima
1424 2185 1497 2217 pars
1522 2175 1674 2213 iustitiae,
1700 2183 1781 2216 quae
1812 2174 1974 2216 potissime
1997 2173 2057 2205 fuit
2080 2172 2111 2205 iu
2144 2171 2288 2211 Christo,

1321 2229 1496 2261 secundum
1529 2227 1607 2260 illud
1642 2227 1789 2259 Matthaei
1821 2226 1972 2269 vigesimo
2004 2228 2117 2258 sexto:
2153 2238 2169 2253 «
2193 2224 2289 2258 Filius

1321 2282 1449 2324 quidem
1473 2281 1611 2314 hominis
1635 2281 1738 2319 vadit,
1763 2280 1845 2313 sicut
1869 2280 2023 2322 scriptum
2048 2282 2096 2312 est
2119 2279 2158 2312 de
2182 2278 2236 2311 illo
2256 2291 2288 2318 n,

1320 2337 1380 2369 hoc
1405 2339 1469 2374 est,
1495 2336 1540 2368 ire
1566 2344 1584 2367 a
1609 2335 1673 2367 Deo
1696 2335 1735 2367 ad
1760 2335 1859 2367 Deum
1884 2337 1915 2367 et
1939 2333 2114 2367 secundum
2139 2333 2239 2366 Deum
2256 2335 2288 2366 et

1321 2393 1451 2431 propter
1464 2389 1583 2426 Deum;
1600 2388 1722 2420 Ioannis
1738 2387 1859 2420 decimo
1876 2387 1970 2419 tertio
1983 2387 2025 2419 ¹⁵:
2044 2399 2060 2415 α
2074 2386 2195 2425 Sciens,
2212 2385 2287 2428 quia

1320 2451 1338 2474 a
1362 2440 1550 2474 Deoexivit
1573 2443 1604 2473 et
1627 2440 1665 2472 ad
1690 2440 1789 2472 Deum
1814 2439 1900 2472 vadit
1916 2451 1952 2478 »;
1977 2442 2009 2472 et
2033 2438 2154 2471 decimo
2175 2441 2285 2471 sexto:

1325 2508 1341 2523 α
1358 2494 1444 2527 Vado
1474 2494 1513 2526 ad
1545 2503 1618 2526 eum
1643 2493 1696 2536 qui
1721 2493 1806 2526 misit
1831 2502 1913 2526 me»
1942 2497 2002 2526 etc.
2035 2492 2133 2525 Fides
2165 2496 2225 2524 tua
2257 2496 2286 2524 te

368 2692 377 2706 ¹
399 2692 471 2717 Vers.
494 2691 517 2716 4.
537 2705 571 2709 —
585 2690 714 2716 Sententia
731 2689 840 2721 August.
855 2688 990 2714 exhibetur
1005 2689 1088 2714 Serm.
1104 2689 1162 2715 125.
1185 2689 1257 2722 (alias

302 2737 340 2761 l5.
361 2743 391 2761 ex
411 2734 609 2766 sirmondianis)
630 2741 656 2759 n.
676 2734 705 2763 6;
726 2734 753 2758 in
779 2735 847 2758 ioan.
867 2734 966 2764 Ex‘ang.
986 2737 1016 2758 tr.
1046 2733 1088 2758 17.
1108 2740 1132 2758 n.
1153 2733 1184 2763 33
1210 2734 1256 2758 cfr.

298 2784 360 2805 tom.
381 2780 422 2805 Vl.
442 2786 504 2810 pag.
524 2779 590 2809 305,
609 2781 671 2803 nota
693 2778 730 2802 13.
1018 2776 1027 2790 ²
1048 2777 1122 2801 Vers.
1143 2777 1168 2801 3.
1187 2779 1213 2801 et
1232 2777 1256 2801 5.

368 2823 378 2837 ³
399 2823 455 2848 Vat.
475 2823 570 2847 omittit
588 2822 612 2846 in
633 2823 681 2846 liae
701 2821 879 2853 propositione
899 2820 1018 2846 Ecclesia
1037 2823 1063 2845 et
1082 2824 1140 2851 post
1162 2827 1258 2845 verum

299 2867 378 2894 etiam
401 2867 473 2892 addit
492 2873 551 2899 per.
572 2865 623 2891 Csr.
643 2866 721 2897 paulo
743 2865 865 2896 superius
883 2865 973 2889 Glossa
996 2865 1104 2895 allegata
1124 2871 1153 2889 ex
1174 2864 1257 2895 Beda,

298 2913 342 2945 qui
363 2912 458 2937 deinde
477 2911 563 2936 addit:
583 2910 631 2942 Qui
652 2910 718 2934 bene
738 2909 835 2939 cadens
854 2912 913 2934 ante
938 2909 1019 2940 pedes
1038 2908 1140 2933 Domini
1161 2908 1258 2940 gratias

297 2957 359 2988 egit.
378 2956 420 2981 llle
439 2955 507 2980 enim
529 2961 591 2979 vere
613 2954 665 2978 Deo
685 2953 781 2984 gratias
807 2953 874 2984 agit,
893 2953 953 2985 qui,
978 2952 1105 2983 repressis
1124 2958 1258 2983 praesum-

298 3000 375 3025 tionis
393 3006 455 3024 suae
475 2997 690 3030 cogitationibus,
710 3003 789 3030 quam
811 2997 835 3021 iu
854 2997 996 3028 semetipso
1010 2996 1130 3021 inni-mus
1149 2996 1192 3027 sit,
1213 2996 1257 3020 hu-

298 3045 392 3070 militer
412 3044 497 3075 videt,
517 3043 562 3075 qui
582 3043 643 3067 nihil
663 3042 712 3067 sibi
731 3041 834 3067 virtutis
854 3040 943 3066 tribuit
962 3044 1011 3066 etc.

368 3087 379 3102 ⁴¹
400 3089 472 3113 Vers.
495 3088 584 3112 11.-
599 3087 655 3112 Duo
674 3093 747 3119 seqq.
768 3086 815 3111 loci
836 3088 897 3111 sunt
916 3086 983 3110 ioan.
1007 3085 1051 3115 18,
1072 3084 1098 3109 6.
1110 3087 1135 3109 01
1154 3085 1171 3109 1.
1192 3084 1257 3115 Reg.

298 3133 327 3164 4,
348 3134 389 3158 18.

368 3176 378 3190 ⁵
398 3177 500 3202 Scilicet
518 3175 660 3201 ordinaria
678 3175 718 3206 (ex
738 3174 827 3205 Reda).

368 3220 379 3235 ὃ
399 3222 471 3245 Vei-s.
492 3222 523 3251 9,
544 3220 589 3245 ubi
602 3220 620 3246 C
632 3220 680 3245 DF
692 3220 711 3244 G
731 3224 790 3251 post
802 3218 916 3244 audiens
930 3220 1125 3250 prosequuntur
1142 3218 1257 3242 consta·-

295 3268 378 3293 natus
396 3273 472 3292 eram
492 3266 519 3291 in
538 3265 634 3299 faciem
653 3271 741 3290 meam
760 3267 808 3289 etc.

368 3310 378 3325 ⁷
398 3311 471 3336 Vers.
493 3310 534 3335 14.
555 3324 588 3328 ἡ
608 3310 725 3335 Subinde
745 3309 870 3340 allegatur
889 3309 952 3333 Gen.
974 3307 1021 3339 17,
1043 3307 1084 3332 17.

367 3353 377 3368 ⁸
397 3355 471 3380 Vers.
492 3355 517 3379 9.
532 3367 567 3372 -—
581 3355 671 3379 Glossa
691 3361 745 3385 seq.
766 3356 805 3378 est
823 3351 1006 3378 interlinearis
1027 3352 1067 3385 (ex
1085 3350 1175 3383 Beda),
1197 3353 1258 3382 post

297 3406 377 3432 quam
397 3399 414 3424 l.
433 3398 491 3424 Cor.
515 3399 560 3429 ¹4,
581 3399 624 3423 38.

1394 2686 1405 2701 ⁹
1425 2688 1508 2718 Beda,
1531 2687 1562 2712 V.
1583 2687 1608 2711 in
1631 2687 1692 2711 Luc.
1714 2685 1754 2717 17,
1779 2686 1820 2717 17,
1840 2685 1947 2711 Glossae
1962 2684 2133 2711 interlineari
2151 2684 2230 2716 paulo
2245 2691 2287 2709 su-

1322 2733 1412 2764 perius
1440 2733 1565 2764 allegatae
1584 2731 1669 2756 addit:
1689 2730 1760 2756 Scire
1779 2730 1848 2755 enim
1870 2730 1914 2755 Dei
1933 2730 2046 2762 eligere,
2072 2729 2174 2755 nescire
2197 2735 2287 2761 repro-

1323 2776 1386 2801 bare
1405 2780 1452 2801 est.

1395 2820 1416 2834 ¹⁰
1440 2821 1512 2846 vers.
1532 2820 1622 2844 11-13.
1636 2819 1689 2845 Csr.
1706 2820 1830 2850 August.,
1851 2819 1877 2843 ΙΙ.
1898 2819 1947 2851 Qq.
1966 2818 2131 2850 Evangelior.
2150 2825 2176 2850 q.
2197 2817 2239 2842 40.
2258 2824 2285 2842 n.

1323 2864 1352 2896 4,
1372 2871 1451 2896 quem
1471 2864 1589 2896 sequitur
1608 2864 1692 2894 Beda,
1713 2863 1745 2888 V.
1764 2863 1791 2888 in
1810 2864 1873 2888 Luc.
1894 2863 1941 2895 17,
1967 2862 2008 2887 17.
2028 2869 2083 2895 seq.
2103 2876 2139 2881 -—
2158 2861 2287 2893 Superius

1322 2913 1381 2940 post
1399 2907 1446 2934 sed
1464 2909 1483 2933 A
1503 2908 1598 2933 omittit
1617 2907 1700 2934 solim.

1394 2952 1413 2966 ¹¹
1435 2953 1510 2978 Vers.
1525 2953 1548 2977 8.
1564 2953 1622 2985 (pro
1634 2952 1813 2978 aestimantur
1832 2951 1852 2976 A
1863 2951 1881 2977 C
1894 2952 1914 2976 D
1924 2952 1942 2976 F
1953 2951 1973 2976 H
1993 2950 2210 2981 existimantur),
2225 2952 2286 2981 post

1322 3004 1402 3029 quem
1423 2998 1490 3022 loan.
1511 2997 1540 3027 3,
1560 2997 1585 3021 6.

1394 3040 1416 3054 ¹2
1436 3041 1528 3065 Psalm.
1551 3040 1598 3071 ⁴4,
1620 3040 1661 3065 11.
1680 3053 1716 3059 -
1736 3040 1793 3065 Duo
1812 3047 1887 3072 seqq.
1910 3040 1959 3065 loci
1979 3042 2041 3065 sunt
2062 3039 2127 3064 Gen.
2150 3038 2196 3069 12,
2217 3037 2242 3063 1.
2260 3040 2287 3063 et

1322 3086 1339 3111 1.
1360 3085 1427 3110 Petr.
1447 3086 1477 3115 2,
1500 3085 1540 3110 11.

1394 3128 1416 3142 ¹³
1437 3129 1524 3153 Plures
1543 3128 1635 3160 codd.‚
1656 3130 1684 3153 ut
1709 3127 1758 3153 AC
1773 3128 1804 3159 F,
1825 3127 1947 3153 omittunt
1966 3127 1999 3153 El
2018 3126 2058 3153 ait
2082 3125 2138 3158 illi,·
2164 3126 2186 3151 D
2209 3125 2284 3157 legit:

1323 3172 1357 3198 Et
1373 3172 1412 3198 ait
1431 3172 1485 3203 illi,
1506 3179 1553 3203 per
1571 3172 1792 3197 exhortationem:
1818 3178 1916 3205 say-93,
1937 3178 1985 3203 per
2007 3170 2127 3196 beneficii
2152 3169 2286 3201 cogitatio-

1322 3224 1383 3242 nem
1392 3227 1398 3247 ;
1419 3216 1497 3248 vade,
1517 3223 1565 3248 per
1589 3217 1734 3248 gratiarum
1760 3216 1889 3241 actionem
1915 3215 2043 3248 (secunda
2068 3221 2162 3240 manus
2186 3213 2288 3239 addidit

1322 3261 1364 3287 vel
1382 3254 1449 3290 sici:
1469 3261 1573 3294 Surge,
1594 3260 1660 3286 vade
1678 3264 1726 3286 etc.
1745 3274 1781 3279 —
1800 3259 1918 3285 Subinde
1937 3260 2082 3291 allegantur
2102 3254 2172 3290 Epa?
2187 3259 2218 3289 5,
2242 3257 2285 3283 ⁴4.

1322 3308 1348 3331 et
1367 3305 1423 3330 Act.
1443 3305 1490 3335 12,
1510 3305 1534 3329 7.

1395 3348 1417 3363 ¹⁴¹
1438 3349 1512 3374 Vers.
1531 3349 1556 3373 9.
1576 3351 1601 3374 et
1619 3349 1715 3374 deinde
1734 3349 1782 3380 26,
1802 3348 1846 3373 24.
1897 3345 1902 3350 “

1395 3392 1417 3407 ¹⁶
1437 3394 1512 3418 Vers.
1531 3393 1557 3418 3.
1576 3396 1601 3418 et
1621 3393 1669 3423 16,
1690 3393 1715 3418 5.

2310 1782 2445 1810 approbatio.
2462 1796 2463 1801 .
