2427 3872
395 254 460 281 clla
481 254 537 287 (11)

199 312 234 319 -—
259 299 399 326 Maximum
429 297 550 324 mirabile
580 297 627 323 fuit
655 296 790 323 suscitatio

147 344 242 371 mortui
262 343 430 377 quatriduani
459 343 499 368 Vll
525 342 577 368 492
597 342 631 368 55
657 354 690 360 -——
718 340 791 366 venit

145 389 180 415 ad
198 390 340 420 Lazarum,
365 388 429 421 quia
454 386 556 413 amicus
575 387 607 412 Vl
629 386 681 412 399
701 386 736 411 25
753 397 791 404 ——

145 433 245 459 distulit
264 439 358 458 curare
380 432 518 462 Lazarum,
532 434 560 457 ut
572 430 711 457 suscitaret
723 436 791 455 mor-

145 480 235 509 tuum,
254 477 326 510 quod
347 479 403 502 erat
422 476 508 502 maius
527 478 553 501 et
571 475 657 507 magis
671 477 791 506 accepta-

144 521 197 547 bile
216 525 242 547 et
261 521 295 547 ad
316 521 444 546 maiorem
464 520 650 546 certitudinem
671 518 791 544 miraculi

145 569 170 592 et
189 566 223 592 ad
242 565 370 591 maiorem
389 565 521 598 potentiae
540 564 717 590 ostensionem
737 563 789 588 397

146 610 187 636 15.
207 610 260 636 399
279 610 313 635 27
332 624 368 628 -
386 609 485 640 voluit,
513 610 641 635 Lazarum
661 608 743 639 mori,
762 610 791 634 ut

145 655 356 681 manifestaretur
374 654 456 686 gloria
478 654 523 679 Dei
537 654 564 679 in
576 654 619 679 illo
634 652 685 678 403
700 652 742 685 49,
755 652 789 678 50

143 713 180 719 —
199 698 375 725 manifestavit
399 699 510 730 gloriam
536 705 612 724 suam
638 698 664 723 in
692 698 790 723 Lazaro

144 747 255 777 propter
273 744 416 776 specialem
444 749 565 769 amorem
589 749 652 774 erga
672 742 744 768 illum
765 745 791 767 et

145 795 249 815 sorores
268 788 321 814 395
340 789 356 814 5

197 846 233 853 -
252 836 347 865 potens
374 836 400 859 et
427 832 560 865 benignus
579 835 682 865 poterat
701 836 727 858 et
745 839 790 858 vo-

144 877 214 904 lebat
232 877 345 904 liberare
360 877 493 903 infirmum
514 880 540 903 et
551 877 709 903 resuscitare
722 883 790 902 mor-

144 926 219 948 tuum
240 922 272 948 Vl
293 921 344 948 400
364 922 407 953 32,
427 922 460 948 33
480 936 516 940 -
535 924 644 954 propter
663 922 788 954 pietatem

145 970 234 993 motus
251 969 291 993 est
309 966 435 992 exaudire
453 969 479 992 et
506 967 634 992 Lazarum
663 966 790 992 suscitare

145 1011 197 1037 402
217 1010 251 1037 46
269 1026 305 1029 -
323 1011 415 1037 volens
433 1011 561 1037 suscitare
587 1011 714 1036 Lazarum
734 1011 792 1043 plo—

144 1058 193 1087 rat,
213 1055 315 1081 accedit
333 1059 359 1081 et
377 1056 473 1081 clamat
492 1055 544 1081 590
566 1056 575 1080 1
600 1055 791 1081 -—⁴suscitavit

144 1100 272 1126 Lazarum
291 1100 439 1126 secundum
458 1100 532 1133 quod
551 1100 622 1126 Deus
643 1097 694 1125 405
708 1100 741 1125 58
755 1113 791 1119 -

145 1144 252 1171 vocavit
271 1145 398 1171 Lazarum
418 1144 561 1177 imperiose
580 1144 613 1171 ib.
628 1145 662 1171 59
675 1159 711 1163 -—-
724 1145 792 1170 Tur-

144 1188 196 1215 bae
215 1190 343 1215 honorem
363 1189 538 1215 exhibuerunt
562 1189 665 1216 Christo
683 1192 792 1222 propter

146 1233 297 1272 mirabilem*
323 1234 414 1260 Lazari
437 1234 634 1260 suscitationem
653 1237 679 1260 et
698 1233 791 1260 turbae

146 1279 326 1305 testimonium
353 1278 405 1305 414
434 1280 477 1312 23,
497 1279 531 1305 24
550 1293 586 1297 -
606 1279 666 1305 fecit
693 1279 791 1311 aperiri

145 1327 365 1355 monumentum,
384 1330 436 1349 non
457 1326 486 1349 ut
513 1324 617 1350 videret
641 1326 790 1355 mortuum,

145 1368 192 1394 sed
212 1371 240 1394 ut
258 1368 396 1394 suscitaret
416 1368 466 1394 403
487 1369 530 1400 52,
550 1368 583 1394 53

199 1427 234 1431 -
252 1413 389 1439 suscitavit
407 1416 540 1439 mortuam
560 1414 585 1439 in
604 1413 699 1446 domo,
718 1416 789 1439 extra

145 1457 256 1484 domum
276 1461 302 1483 et
321 1458 347 1483 in
366 1458 488 1490 sepulcro
509 1459 541 1485 Vl
562 1458 613 1484 406
633 1458 678 1484 63.
697 1459 749 1484 563
763 1459 788 1484 2.

144 1502 196 1528 593
209 1510 236 1528 v.
251 1502 284 1528 44
298 1503 323 1529 2.
338 1503 379 1528 Vll
395 1502 445 1528 172
460 1503 494 1528 32
509 1515 545 1521 —-·
558 1504 651 1529 volens
663 1503 790 1529 suscitare

145 1547 352 1578 adolescentem,
372 1547 446 1573 iussit
464 1551 533 1573 stare
553 1549 693 1579 feretrum,
707 1548 733 1573 in
746 1555 790 1574 su—

145 1592 280 1618 scitatione
290 1592 359 1618 tiliae
369 1593 583 1625 archisynagogi,
593 1593 663 1619 exire
674 1592 789 1624 turbam,

144 1636 172 1662 in
182 1636 350 1662 suscitatione
360 1637 458 1670 Lazari,
465 1637 563 1669 deponi
574 1637 688 1669 lapidem
697 1630 784 1663 111591

146 1681 162 1706 2
182 1695 217 1699 —-
236 1681 389 1707 suscitatum
418 1682 545 1708 Lazarum
575 1682 715 1708 committit
743 1682 791 1708 sol-

146 1726 273 1759 vendum,
292 1726 372 1752 filiam
392 1726 597 1759 archisynagogi
619 1727 791 1759 pascendam,

146 1770 339 1797 adolescentem
359 1771 563 1797 custodiendum
583 1770 617 1797 ib.
638 1771 653 1797 4

198 1829 235 1834 —
253 1815 370 1847 potentia
389 1816 469 1842 solius
481 1815 557 1842 verbi
576 1815 671 1842 Christi
690 1815 793 1842 excedit

145 1859 270 1886 virtutem
290 1860 452 1886 infinitorum
471 1859 620 1887 daemonum
634 1861 678 1887 Vll
691 1861 744 1886 205
757 1860 791 1886 59

146 1918 182 1924 -
201 1908 327 1938 tanquam
345 1906 513 1938 omnipotens
532 1906 655 1932 daemoni
674 1906 728 1931 sola
755 1906 792 1931 in-

146 1950 298 1982 crepatione
317 1950 448 1976 silentium
469 1950 582 1982 imponit
601 1950 652 1976 106
672 1950 715 1977 75.
737 1951 791 1976 110

146 1995 175 2020 91
199 2009 235 2013 —
254 1995 357 2027 expellit
375 1995 519 2021 daemones
537 1995 725 2027 praecipiendo
739 1995 791 2020 107

146 2039 180 2065 76
199 2053 235 2057 -—
253 2039 351 2065 virtute
369 2042 395 2065 et
419 2042 548 2072 potestate
572 2040 681 2066 omnino
701 2040 791 2066 divina

147 2084 260 2117 imperat
272 2084 408 2116 spiritibus
421 2083 456 2111 ib.
469 2084 504 2110 77
516 2099 552 2103 -—
565 2085 681 2110 Potentia
695 2084 791 2111 Christi

147 2129 328 2155 manifestatur
346 2129 373 2155 in
393 2129 528 2155 curatione
552 2129 717 2155 daemoniaci
740 2129 791 2154 106

147 2173 190 2206 69,
204 2173 239 2199 75
251 2188 286 2191 -
306 2174 381 2199 eiecit
399 2174 540 2200 daemonia
560 2174 667 2199 divinae
685 2173 789 2199 virtutis

146 2217 259 2250 imperio
274 2218 325 2244 205
337 2218 370 2243 57
383 2233 419 2237 -
432 2219 488 2244 5010
503 2218 615 2250 imperio
634 2218 727 2244 liberat
745 2217 792 2243 ob-

147 2269 250 2288 sessum
264 2269 279 2288 a
293 2262 399 2288 diabolo
413 2261 474 2289 ibid.
488 2277 524 2281 —-
536 2262 647 2289 curabat
658 2265 767 2288 vexatos
776 2269 791 2287 a

147 2306 284 2338 spiritibus
303 2307 448 2333 immundis
467 2314 516 2339 per
534 2307 679 2333 efficaciam
699 2307 724 2332 in
739 2307 791 2332 ani-

147 2358 219 2377 mam
240 2351 291 2377 146
312 2351 346 2377 45
365 2366 400 2370 -
425 2352 573 2378 manifestat
599 2358 677 2377 suum
707 2351 793 2377 domi-

147 2396 223 2421 nium
241 2403 323 2428 supra
346 2399 495 2422 creaturam
520 2396 683 2428 spiritualem
704 2396 731 2421 in
749 2403 792 2421 ex-

147 2441 268 2472 pulsione
293 2440 442 2467 admirabili
469 2441 659 2466 daemoniacae
681 2440 793 2472 legionis

148 2487 174 2511 et
192 2485 346 2511 liberatione
359 2485 523 2511 daemoniaci
537 2485 583 2510 201
603 2484 636 2510 46
650 2499 685 2502 -
698 2484 792 2510 Christi

147 2530 255 2556 nomine
272 2529 413 2556 daemonia
432 2529 605 2555 eiiciebantur
624 2536 638 2554 a
658 2529 793 2560 discipulis

149 2575 201 2601 205
221 2574 255 2600 57

203 2634 238 2637 -
257 2626 305 2652 per
324 2619 406 2645 solam
421 2618 626 2651 increpationem
640 2618 716 2644 eiecit
734 2618 795 2644 dae-

149 2664 269 2690 monium
297 2671 393 2696 magna
422 2665 550 2696 potestate
569 2663 613 2689 Vll
633 2662 680 2688 241
705 2663 739 2688 80
758 2677 793 2681 ——

150 2708 175 2734 in
194 2709 293 2741 Spiritu
311 2711 402 2735 sancto
426 2707 548 2734 eiiciebat
574 2708 716 2733 daemonia
742 2708 793 2733 289

151 2753 195 2779 40.
214 2754 265 2779 292
286 2753 329 2779 46.
352 2753 403 2778 293
424 2753 458 2778 50
477 2767 513 2770 —
532 2759 579 2785 per
608 2752 735 2778 invidiam
754 2751 795 2778 di-

150 2797 217 2823 citur
237 2798 373 2823 invocator
391 2797 553 2823 daemonum
567 2797 618 2822 289
634 2796 668 2822 40
683 2811 717 2815 -
730 2796 794 2822 1111111

151 2841 230 2867 habet
248 2848 392 2868 commune
408 2848 471 2868 cum
490 2841 619 2867 daemone
638 2841 690 2866 203
705 2841 747 2873 49,
760 2840 794 2866 50

204 2900 240 2904 —
257 2886 387 2912 eiiciendo
414 2886 586 2911 daemonium
611 2885 715 2911 sanavit
734 2892 795 2917 pue-

150 2937 211 2956 rum
231 2930 275 2956 Vll
294 2930 341 2956 24l
367 2930 400 2955 80
419 2945 455 2948 -
467 2930 581 2956 advocat
593 2930 795 2956 daemoniacum

151 2975 243 3001 venire
261 2975 296 3001 ad
321 2982 350 3000 se
374 2982 422 3007 per
441 2975 522 3001 fldem
547 2975 629 3007 patris
652 2973 687 3000 ib.
706 2974 740 2999 78
760 2987 796 2993 -

148 3025 248 3052 magna
267 3020 382 3052 potentia
401 3022 455 3045 tam
475 3026 602 3051 magnum
622 3018 747 3045 morbum
769 3019 795 3044 in

152 3067 205 3089 tam
219 3070 305 3096 parvo
327 3067 446 3096 tempore
465 3066 517 3089 tam
533 3070 617 3095 parvo
636 3062 720 3089 verbo
739 3069 796 3095 per-

153 3109 219 3134 fecte
238 3109 341 3134 curavit
359 3108 411 3134 242
431 3109 465 3134 82
485 3121 519 3127 -
538 3114 652 3140 puerum
674 3109 795 3133 sanatum

152 3152 268 3179 reddidit
279 3153 362 3185 patri,
376 3153 438 3186 quia
452 3154 502 3178 hoc
515 3154 648 3178 meruerat
659 3152 717 3177 eius
730 3151 796 3177 fides

153 3195 187 3223 ib.
206 3197 240 3223 80
272 3210 307 3217 -
337 3204 385 3229 per
415 3196 599 3223 admirabilem
634 3195 795 3221 curationem

154 3241 318 3267 daemoniaci
338 3241 477 3268 confirmat
494 3240 683 3266 revelationem
698 3240 796 3271 gloriae

154 3288 274 3311 ostensae
293 3286 345 3311 230
365 3285 407 3311 43.
428 3285 479 3311 239
498 3284 533 3310 70

207 3343 242 3349 -
254 3330 391 3362 navigavit
402 3329 437 3356 ad
446 3329 582 3361 regionem
593 3329 797 3359 Gerasenorum,

155 3378 183 3400 ut
201 3374 325 3402 virtutem
344 3374 476 3406 potentiae
501 3380 548 3406 per
567 3373 693 3399 miracula
713 3375 796 3399 osten-

262 3426 293 3454 S.
310 3427 416 3454 Bomv.
426 3441 462 3446 —
475 3427 555 3453 Tom.
566 3426 622 3453 Vll.

819 207 855 240 IN
879 205 1175 239 COMMENTARIOS
1198 206 1228 237 S.
1253 205 1479 238 SCRIPTURAE

827 295 902 321 deret
920 298 945 320 et
964 295 997 321 ad
1017 301 1046 320 se
1065 295 1179 319 traheret
1204 294 1246 319 Vll
1267 294 1318 318 202
1339 293 1371 319 47
1391 307 1426 311 —
1445 293 1471 319 in

828 339 983 365 liberatione
1012 338 1177 364 daemoniaci
1206 338 1352 364 ostenditur
1380 341 1473 369 potens

827 384 854 409 in
874 383 1044 416 imperando,
1060 383 1087 408 in
1101 383 1292 415 permittendO,
1306 382 1332 407 in
1346 382 1472 408 salvando

828 431 854 454 et
873 429 899 454 in
918 428 1056 461 perdendo
1076 427 1128 453 204
1148 427 1183 452 55
1196 439 1231 446 -—
1244 427 1359 453 ostendit
1378 434 1406 452 se
1427 427 1473 452 Do-

829 473 929 499 minum
959 472 1144 505 prohibentem
1174 472 1319 498 daemones
1347 475 1373 497 et
1392 472 1473 503 possi-

827 518 932 543 dentem
953 522 1063 549 gregem
1083 516 1115 543 ib.
1137 516 1171 541 56
1184 516 1258 542 —in
1279 516 1349 542 1111110
1368 516 1474 541 iniuria-

828 565 870 588 tus
889 565 928 587 est
954 561 1154 594 possessoribus
1180 567 1323 593 porcorum
1352 560 1414 587 ibid.
1439 575 1474 579 -

828 607 924 633 virtute
942 607 1037 632 eximia
1057 606 1202 632 daemones
1220 605 1351 638 superbos
1370 605 1473 638 deiecit,

828 653 963 684 ingressos
981 651 1008 677 in
1027 657 1124 683 porcos
1147 649 1347 682 submergendo
1367 650 1419 676 205
1440 650 1473 676 58

865 697 898 721 12
918 709 951 714 ·—
965 695 1121 727 adimplevit
1133 702 1241 721 ornnem
1255 695 1381 720 iustitiam
1394 702 1475 727 quan-

827 743 883 767 tum
903 740 937 766 ad
957 746 1063 766 morum
1083 741 1246 766 honestatem
1267 740 1309 765 Vll
1330 739 1363 764 99
1385 739 1419 764 45
1438 753 1473 757 ——

827 789 867 811 est
885 785 972 811 omnis
997 785 1166 817 perfectionis
1190 787 1309 810 centrum
1331 785 1382 810 522
1403 784 1419 809 6
1438 798 1474 802 -

828 831 876 856 fuit
894 831 1026 863 perfectus
1046 836 1093 862 per
1111 836 1220 855 omnem
1236 829 1347 855 modum
1367 828 1419 854 594
1440 829 1472 855 26

827 889 863 894 -
882 878 977 901 statum
998 874 1166 907 perfectionis
1181 874 1303 906 exemplo
1318 874 1475 900 monstravit

828 920 862 945 48
884 920 917 945 16
936 934 971 938 -
991 920 1136 945 Duodecim
1163 919 1274 945 virtutes
1302 919 1326 944 in
1356 918 1473 950 Christo,

827 967 942 998 quatuor
961 964 1121 995 cardinales,
1142 971 1195 990 una
1214 963 1375 996 theologica,
1395 967 1420 990 et
1433 971 1474 990 se-

828 1012 901 1042 ptem
920 1009 990 1035 dona
1011 1009 1042 1034 Vl
1064 1009 1115 1034 400
1135 1009 1169 1034 30

881 1068 915 1073 -
936 1053 1036 1079 bonum
1056 1054 1207 1086 exemplum
1221 1052 1375 1085 praebendo
1389 1053 1475 1085 praeit

829 1099 861 1125 Vl
882 1098 934 1125 384
963 1098 979 1124 5
998 1113 1034 1116 -
1053 1098 1127 1130 prior
1154 1098 1273 1124 ascendit
1300 1098 1367 1124 dans
1386 1104 1475 1124 exem-

828 1144 902 1176 plum
924 1143 966 1169 Vll
986 1143 1038 1169 200
1060 1143 1093 1169 43
1113 1158 1148 1161 -
1168 1143 1255 1175 coepit
1275 1144 1360 1169 facere
1384 1145 1409 1169 et
1429 1142 1475 1168 do-

829 1195 889 1214 cere
909 1189 942 1214 82
963 1188 995 1214 49
1015 1203 1051 1206 -
1070 1188 1147 1214 docet
1165 1188 1238 1214 viam
1256 1188 1303 1213 Dei
1322 1195 1370 1220 per
1389 1195 1474 1214 exem-

829 1233 901 1265 plum
930 1233 983 1259 510
1011 1233 1045 1258 27
1064 1246 1100 1252 -—
1118 1233 1143 1258 ln
1163 1233 1204 1258 sui
1224 1235 1297 1259 ortus
1325 1233 1473 1265 primordio

829 1278 980 1310 exemplum
1000 1278 1104 1303 virtutis
1123 1276 1246 1314 praebuit
1259 1280 1285 1303 et
1297 1277 1369 1303 viam
1383 1277 1474 1304 salutis

829 1323 942 1349 ostendit
956 1322 989 1348 48
1004 1323 1037 1348 16
1050 1337 1086 1341 —-
1098 1325 1170 1348 stans
1181 1322 1209 1348 in
1222 1322 1312 1348 medio
1329 1322 1374 1348 dat
1386 1329 1474 1349 exem-

828 1368 901 1400 plum
921 1368 1026 1393 virtutis
1045 1368 1077 1393 Vl
1106 1367 1153 1393 541
1178 1367 1195 1392 7
1214 1382 1249 1385 -
1268 1368 1361 1394 01111115
1378 1367 1473 1394 Christi

828 1413 896 1438 actio
916 1416 1004 1438 nostra
1023 1415 1063 1438 est
1081 1412 1218 1438 instructio
1239 1413 1290 1438 268
1312 1413 1358 1438 101
1378 1427 1411 1431 -
1426 1412 1471 1438 ubi

827 1457 946 1483 Christus
964 1457 1010 1483 dat
1028 1457 1194 1490 exemplum,
1208 1464 1261 1483 non
1276 1457 1407 1483 deseritur
1419 1464 1475 1482 me-

827 1502 902 1528 dium
923 1502 966 1527 Vll
985 1502 1036 1527 522
1057 1502 1072 1526 6

881 1561 916 1565 —
944 1547 1099 1579 Exemplum
1129 1546 1224 1572 Christi
1252 1547 1411 1572 imitandum
1441 1547 1474 1572 Vl

829 1591 934 1617 42716
953 1605 989 1610 -
1018 1592 1198 1623 Augmentum
1226 1590 1320 1617 Christi
1347 1591 1473 1624 proponi-

827 1636 915 1662 turin
942 1637 1092 1668 exemplum
1122 1636 1225 1662 virtutis
1252 1636 1391 1668 augendae
1420 1636 1472 1662 552

827 1688 854 1706 ν.
874 1681 908 1706 30
928 1696 963 1699 —
982 1682 1056 1714 Quae
1084 1680 1204 1707 Christus
1232 1681 1314 1713 gessit
1333 1681 1474 1707 informant

828 1726 958 1758 praelatos
977 1726 1002 1751 111
1021 1726 1146 1758 agendis,
1166 1733 1236 1759 quae
1255 1726 1379 1751 sustinuit
1396 1726 1474 1751 infor-

829 1774 901 1796 mant
919 1771 946 1796 in
964 1770 1070 1796 damnis
1089 1771 1250 1797 sustinendis
1269 1770 1320 1796 578
1341 1771 1357 1796 5
1376 1784 1412 1790 —-
1431 1771 1474 1796 de-

828 1815 867 1842 dit
885 1815 962 1841 nobis
990 1816 1141 1848 exemplum
1167 1816 1192 1841 in
1211 1816 1331 1847 agendis,
1355 1815 1381 1841 in
1400 1815 1474 1841 susti-

828 1860 920 1886 nendis
939 1863 969 1898 et»
992 1860 1020 1885 in
1047 1860 1175 1886 cavendis
1203 1860 1250 1885 601
1275 1867 1302 1885 v.
1322 1859 1355 1885 15
1383 1874 1418 1878 -
1445 1860 1473 1885 111

829 1905 1031 1931 conversatione
1059 1912 1106 1930 sua
1131 1904 1208 1930 docet
1233 1904 1324 1930 verbis
1342 1904 1473 1936 veritatis,

823 1952 920 1976 'movet
943 1950 1026 1982 signis
1049 1950 1197 1982 potestatis,
1226 1949 1317 1981 dirigit
1344 1949 1472 1980 exemplis

828 1994 972 2020 sanctitatis
991 1995 1043 2020 630
1064 1995 1106 2025 13,
1125 1994 1158 2019 14
1171 2007 1207 2013 -
1225 1995 1253 2019 111
1273 1993 1474 2019 conversatione

828 2039 923 2065 Christi
945 2038 1137 2065 consideranda
1166 2038 1303 2064 instruitur
1331 2038 1473 2063 intellectus

828 2084 863 2109 ad
882 2084 1035 2114 sciendum,
1055 2085 1178 2109 movetur
1203 2084 1311 2108 affectus
1333 2082 1368 2108 ad
1387 2082 1473 2107 volen-

829 2128 908 2159 dum,
936 2128 1058 2160 dirigitur
1085 2129 1194 2153 effectus
1220 2128 1255 2153 ad
1280 2127 1472 2159 proficiendum

829 2172 862 2199 ib.
878 2173 910 2198 13
923 2187 959 2191 —
972 2172 1064 2198 debuit
1077 2172 1154 2198 nobis
1166 2173 1230 2198 dare
1243 2179 1350 2197 omnem
1361 2173 1472 2197 sormam

829 2217 997 2250 perfectionis
1016 2217 1068 2242 504
1089 2217 1123 2242 69

882 2276 917 2280 —
936 2261 1075 2287 laudabilis
1094 2264 1150 2287 erat
1169 2261 1195 2286 in
1208 2261 1261 2286 vita
1275 2264 1301 2287 et
1314 2261 1339 2286 in
1352 2261 1472 2286 doctrina

829 2313 918 2332 coram
938 2306 993 2332 Deo
1021 2309 1047 2331 et
1072 2306 1173 2331 mundo
1192 2306 1237 2332 Vll
1256 2305 1308 2331 594
1328 2306 1362 2331 25
1381 2320 1417 2323 -
1436 2312 1474 2330 se-

828 2350 946 2376 cundum
965 2350 1107 2376 duodecim
1127 2353 1210 2376 status
1234 2350 1280 2375 dat
1298 2350 1418 2382 exempla
1437 2349 1474 2375 di-

829 2400 967 2420 versarum
987 2395 1114 2422 virtutum
1135 2395 1167 2420 Vl
1188 2395 1234 2420 301
1260 2395 1294 2420 82
1312 2409 1347 2412 —
1368 2401 1473 2420 summa

830 2439 990 2471 benignitate
1008 2440 1150 2466 altissimus
1169 2439 1252 2465 voluit
1264 2446 1313 2471 pro
1332 2438 1410 2465 nobis
1428 2440 1474 2465 hu-

830 2485 938 2515 miliari,
958 2485 1117 2510 iustissimus
1136 2491 1197 2510 cum
1211 2484 1300 2516 impiis
1313 2484 1474 2516 conversari,

830 2529 975 2555 ditissimus
993 2529 1059 2554 inter
1084 2529 1205 2554 homines
1234 2535 1336 2560 pauper
1354 2528 1410 2554 fleri
1430 2529 1474 2554 Vll

830 2573 882 2599 358
902 2574 917 2599 2
937 2588 973 2591 -
992 2573 1065 2599 dedit
1078 2575 1188 2599 formam
1204 2573 1238 2599 ad
1251 2573 1416 2605 diligendum
1430 2573 1474 2598 ini·

830 2618 913 2644 micos
932 2621 958 2644 et
977 2618 1011 2644 ad
1031 2618 1196 2644 tolerandum
1216 2618 1300 2643 malos
1320 2617 1371 2643 548
1392 2618 1425 2643 30

884 2663 963 2688 —in
983 2663 1110 2695 operibus
1135 2663 1190 2688 suis
1217 2662 1342 2688 observat
1370 2665 1475 2694 tempus

831 2710 856 2733 et
874 2707 962 2733 locum
983 2708 1025 2734 Vll
1051 2707 1103 2733 359
1125 2707 1139 2733 4
1164 2722 1199 2725 -
1219 2708 1282 2733 salso
1301 2707 1397 2733 dicitur
1416 2706 1476 2733 sub-

830 2752 914 2778 iectus
934 2753 985 2778 fato
1004 2755 1030 2778 et
1047 2753 1124 2778 astris
1145 2753 1176 2777 vt
1197 2752 1248 2778 272
1270 2751 1303 2777 17
1316 2766 1352 2770 -
1370 2754 1476 2784 tempus

832 2804 980 2829 congruum
1001 2798 1026 2822 in
1052 2796 1177 2823 omnibus
1195 2796 1324 2829 operibus
1342 2797 1397 2822 suis
1417 2803 1477 2822 con-

831 2842 929 2868 siderat
949 2841 1000 2867 340
1020 2842 1046 2867 7.
1065 2842 1112 2867 341
1138 2842 1162 2866 9.
1182 2841 1234 2867 397
1255 2841 1402 2866 15--11011
1417 2840 1477 2866 facit

832 2886 976 2919 contraria,
996 2886 1043 2912 sed
1057 2893 1105 2918 pro
1119 2886 1282 2917 congruitate
1296 2885 1355 2910 facit
1369 2885 1475 2910 diversa

833 2930 884 2956 415
904 2930 938 2955 26

886 2989 921 2992 -
939 2975 1049 3007 requirit
1067 2975 1155 3000 locum
1169 2973 1316 2999 solitudinis
1330 2973 1362 2998 Vl
1376 2972 1428 2998 355
1443 2973 1475 2997 ,10

832 3032 868 3038 -—
878 3025 988 3044 manens
1001 3019 1028 3044 in
1041 3019 1130 3051 quiete
1145 3020 1234 3044 monet
1248 3018 1375 3043 tumultus
1385 3018 1477 3048 fugere

832 3065 858 3088 et
877 3063 902 3088 in
921 3063 1009 3095 quiete
1037 3069 1114 3088 orare
1142 3062 1193 3087 392
1214 3062 1242 3087 51
1267 3076 1302 3079 -
1322 3061 1369 3086 fuit
1389 3061 1413 3085 in
1434 3060 1477 3085 de-

832 3110 902 3133 serto
921 3107 1061 3133 altissimae
1080 3106 1215 3138 religionis
1238 3112 1285 3137 per
1313 3104 1477 3136 paupertatis

831 3151 998 3183 asperitatem
1018 3153 1043 3176 et
1061 3151 1234 3176 humilitatem
1255 3149 1298 3174 Vll
1318 3149 1364 3173 111
1390 3148 1422 3173 93
1441 3161 1477 3167 —-

833 3195 887 3221 ibat
905 3195 930 3221 in
950 3195 1085 3220 desertum
1106 3195 1209 3225 locum,
1232 3194 1324 3219 volens
1343 3199 1372 3218 se
1390 3193 1476 3224 magis

832 3239 966 3265 humiliter
978 3239 1109 3265 occultare
1122 3245 1203 3271 quam
1214 3237 1383 3270 impudenter
1392 3239 1478 3262 osten-

832 3286 887 3310 tare
906 3282 941 3309 ib.
959 3284 994 3308 92
1013 3297 1048 3302 ·-—-
1068 3282 1175 3308 secessit
1203 3282 1229 3307 in
1249 3282 1336 3307 locum
1356 3281 1475 3314 quietum

832 3330 858 3354 et
883 3327 1052 3361 tranquillum
1077 3327 1111 3352 ad
1143 3326 1305 3353 erudiendos
1334 3325 1477 3357 discipulos

833 3373 880 3398 221
907 3372 939 3397 17

2085 206 2146 238 697

1757 250 1822 275 CHR
1843 250 1900 282 (12)

1562 306 1597 312 -—
1616 294 1711 319 dicitur
1730 298 1808 325 stare,
1826 295 1887 327 quia
1909 295 1965 325 ipse
1979 295 2003 319 in
2017 301 2045 320 se
2059 295 2150 320 immu-

1510 337 1594 363 tabilis
1613 341 1652 363 est
1671 338 1713 363 Vll
1735 338 1779 363 471
1805 339 1837 363 63
1862 353 1896 356 ——
1921 342 1970 364 stat
1989 345 2037 371 per
2056 339 2149 364 immo-

1510 381 1635 407 bilitatem
1656 382 1688 407 Vl
1709 382 1760 408 349
1781 383 1814 408 52
1834 397 1868 400 —
1888 383 1982 409 dicitur
2001 387 2069 409 stare
2088 391 2148 409 cum

1510 426 1685 458 imperfectis,
1705 427 1750 452 sed
1771 428 1864 452 sedere
1882 434 1942 452 cum
1967 428 2088 459 perfectis
2109 428 2149 453 Vll

1512 470 1563 495 145
1583 470 1617 495 42
1636 485 1671 488 -
1691 471 1777 501 vadit,
1807 472 1936 496 mundum
1966 472 2151 504 relinquendo,

1510 514 1614 540 virtutls
1633 516 1752 546 exempla
1772 515 1933 546 praebendo,
1954 520 2080 541 tormenta
2096 523 2151 548 pas

1511 559 1591 584 sionis
1610 559 1763 585 sustinendo
1793 560 1825 584 Vl
1846 560 1897 585 605
1918 561 1933 585 2
1952 574 1987 578 -
2007 561 2097 585 invitat
2116 561 2152 586 di-

1511 603 1636 635 scipulos,
1656 607 1684 629 ut
1708 610 1799 629 secum
1826 605 1972 635 transirent,
1990 605 2151 631 consulendo

1512 648 1712 673 conversionem
1737 648 1840 674 animae
1867 649 1908 674 Vll
1930 649 1975 674 201
2001 649 2034 674 43
2054 663 2087 668 -
2107 650 2153 674 De-

1511 698 1621 718 scensus
1639 691 1732 718 Christi
1752 692 1874 724 designat
1893 693 2005 719 activam
2026 695 2075 719 239
2095 692 2129 719 72

1565 751 1600 755 ——
1618 737 1746 762 illuminat
1764 744 1813 762 nos
1831 737 1856 762 in
1883 744 1930 763 sua
1955 739 2153 764 conversatione

1512 788 1558 813 per
1576 781 1726 813 exemplum
1747 782 1817 807 vitae
1830 785 1855 807 et
1868 782 2002 815 eloquium
2016 783 2152 808 doctrinae

1512 826 1545 851 Vl
1564 827 1611 851 621
1637 827 1652 851 2

1565 884 1600 889 --
1619 871 1692 897 dedit
1710 872 1861 903 exemplum
1881 872 1996 898 vivendo
2016 872 2152 904 spirituali-

1512 919 1550 941 ter
1569 919 1598 942 ut
1617 917 1697 941 homo
1716 916 1834 941 caelestis
1854 916 1887 941 Vl
1901 917 1948 941 601
1968 924 1993 942 v.
2009 918 2041 942 15
2060 931 2095 936 -
2109 917 2154 942 de—

1511 961 1549 986 dit
1568 960 1646 986 nobis
1669 962 1781 987 formam
1809 961 1950 987 recedendi
1976 969 1990 987 a
2010 962 2109 987 mundo
2130 965 2154 988 et

1511 1006 1744 1038 appropinquandi
1763 1006 1797 1032 ad
1816 1006 1899 1031 Deum
1920 1006 1962 1031 Vll
1983 1007 2034 1031 122
2048 1007 2082 1032 35

1564 1065 1600 1069 -
1618 1050 1732 1076 ostendit
1743 1051 1815 1076 viam
1828 1051 2005 1083 innocentiae,
2019 1052 2154 1083 poeniten-

1511 1095 1562 1121 tiae
1580 1098 1607 1121 et
1625 1095 1767 1127 sapientiae
1786 1096 1918 1128 exemplo,
1938 1095 2021 1121 verbo
2041 1099 2066 1121 et
2084 1096 2154 1122 dono

1511 1140 1637 1172 inspirato
1659 1140 1701 1165 Vll
1722 1140 1774 1165 335
1793 1140 1827 1166 85
1846 1155 1882 1158 —
1907 1140 1952 1165 dat
1981 1141 2092 1166 sormam
2118 1141 2154 1166 in-

1511 1184 1670 1211 nocentibus
1688 1185 1850 1217 relinquendi
1871 1185 2027 1217 vanitatem,
2051 1185 2155 1211 studen-

1511 1229 1583 1256 tibus
1607 1229 1758 1263 inquirendi
1786 1230 1938 1261 veritatem,
1957 1230 2154 1261 proficientibus

1511 1274 1678 1300 custodiendi
1698 1275 1875 1305 honestatem,
1901 1274 2060 1306 patientibus
2078 1275 2155 1300 susti-

1511 1320 1589 1345 nendi
1608 1319 1810 1351 adversitatem,
1831 1319 2042 1351 praesidentibus
2061 1327 2156 1346 convo-

1511 1364 1587 1390 candi
1607 1364 1641 1390 ad
1660 1364 1846 1390 fraternitatem
1867 1364 1899 1389 Vl
1920 1363 1971 1389 542
1992 1364 2020 1389 11

1564 1422 1601 1427 -
1619 1409 1667 1434 fuit
1685 1409 1787 1440 positus
1816 1409 1840 1434 in
1860 1409 2012 1441 praesepio,
2033 1409 2057 1433 111
2077 1415 2155 1434 cruce

1511 1456 1537 1479 et
1555 1453 1581 1479 in
1601 1456 1773 1479 monumento
1793 1453 1825 1478 Vl
1847 1454 1897 1478 619
1918 1461 1944 1478 v.
1965 1455 1980 1479 2
1995 1454 2068 1478 —in
2082 1460 2154 1485 prae-

1511 1498 1586 1530 sepio
1605 1498 1729 1524 informat
1741 1498 1894 1523 innocentes
1908 1498 1941 1523 ad
1955 1498 2155 1531 relinquendam

1511 1543 1674 1568 mundanam
1703 1543 1896 1575 possessionem
1929 1545 1954 1568 et
1984 1542 2154 1568 ambitionem

1511 1594 1559 1619 per
1577 1590 1761 1620 paupertatem
1780 1594 1930 1620 pannorum
1944 1590 1970 1613 et
1981 1588 2154 1613 humilitatem

1511 1632 1642 1665 praesepii
1661 1631 1724 1658 ibid.
1736 1645 1772 1651 —
1785 1632 1811 1657 in
1825 1631 1943 1664 patibulo
1957 1632 2079 1658 informat
2093 1639 2154 1664 pro-

1510 1677 1627 1703 ficientes
1645 1677 1680 1703 ad
1700 1680 1839 1709 praecepta
1853 1677 1985 1709 implenda
1999 1680 2025 1702 et
2042 1677 2155 1702 adversa

1511 1722 1662 1748 sustinenda
1681 1729 1730 1754 per
1742 1721 1920 1747 obedientiam
1933 1724 1959 1747 et
1971 1722 2153 1747 sustinentiam

1511 1766 1573 1792 ibid.
1592 1781 1627 1785 —-
1647 1767 1674 1792 in
1699 1769 1870 1792 monumento
1895 1766 2020 1792 informat
2039 1769 2155 1791 contem-

1510 1811 1611 1843 plantes
1629 1811 1663 1837 ad
1688 1811 1867 1844 quaerendam
1894 1811 2009 1843 quietem
2033 1811 2154 1842 spiritua-

1511 1857 1561 1881 lem
1581 1859 1606 1881 et
1625 1856 1659 1881 ad
1688 1856 1842 1887 fugiendam
1869 1855 2016 1881 iactantiam
2043 1855 2154 1881 munda-

1511 1906 1586 1931 nam,
1605 1900 1665 1933 quia
1688 1900 1733 1926 fuit
1752 1901 1858 1933 quietus
1870 1903 1895 1925 et
1908 1900 2078 1925 absconditus
2092 1899 2152 1926 ibid.

1564 1959 1598 1963 —-
1618 1945 1731 1970 Domino
1750 1944 1874 1970 convenit
1897 1945 1950 1969 vita
1970 1945 2055 1970 activa
2074 1944 2152 1976 signi-

1507 1989 1586 2030 ‚neam
1605 1996 1653 2022 per
1671 1988 1840 2020 columbam,
1859 1991 1885 2015 et
1903 1988 2105 2021 contemplativa
2119 1988 2153 2014 si-

1511 2034 1632 2066 gnificata
1652 2041 1699 2066 per
1719 2036 1848 2060 turturem
1868 2034 1910 2059 Vll
1925 2034 1959 2059 57
1973 2033 2006 2059 54
2020 2048 2055 2052 —
2067 2040 2153 2059 exem—

1510 2079 1583 2111 plum
1603 2079 1677 2105 dedit
1695 2079 1846 2110 vigilantiae
1866 2078 1891 2103 in
1904 2078 1989 2104 activa
2002 2081 2028 2103 et
2040 2081 2153 2104 contem-

1510 2124 1606 2156 plativa
1636 2124 1687 2149 539
1707 2124 1741 2149 59
1761 2138 1796 2141 —
1815 2123 1949 2155 ingressus
1973 2129 2021 2154 per
2049 2123 2153 2154 sangui-

1510 2175 1569 2194 nem
1589 2175 1668 2194 suum
1688 2168 1761 2194 dedit
1778 2168 1929 2199 exemplum
1948 2167 2105 2199 Martyribus
2119 2167 2151 2192 Vl

1510 2213 1561 2239 630
1583 2214 1610 2238 11
1641 2228 1670 2231 -
1689 2220 1718 2238 se
1746 2212 1868 2245 praebuit
1892 2212 1982 2244 pueris
2009 2212 2035 2237 111
2064 2218 2151 2237 exem-

1509 2259 1583 2291 plum
1602 2258 1746 2283 accedendi
1765 2258 1799 2283 ad
1818 2258 1902 2282 Deum
1922 2257 1965 2282 Vll
1985 2256 2036 2282 458
2056 2257 2088 2281 29

1563 2315 1598 2320 —-
1618 2302 1690 2328 dedit
1708 2302 1858 2334 exemplum
1878 2301 1994 2333 patiendi
2012 2301 2045 2326 vt
2066 2300 2117 2326 584
2137 2301 2152 2326 4

1510 2361 1546 2367 --
1563 2347 1638 2373 dedit
1665 2347 1814 2379 exemplum
1844 2346 1991 2378 asperitatis
2019 2346 2089 2371 vitae
2108 2345 2152 2371 Vn

1512 2392 1562 2417 463
1584 2392 1611 2417 41
1636 2406 1672 2410 -
1691 2392 1814 2423 fatigatus
1832 2391 1877 2417 dat
1901 2390 1977 2416 nobis
2003 2390 2152 2422 exemplum

1511 2437 1657 2462 sustinendi
1675 2436 1808 2467 laborem,
1827 2436 1922 2462 sedens
1948 2435 1994 2461 dat
2012 2435 2155 2461 documen-

1511 2484 1567 2507 tum
1587 2481 1739 2507 inveniendi
1765 2481 1881 2513 quietem
1903 2481 1935 2506 Vl
1955 2480 2006 2506 554
2028 2481 2037 2504 1
2061 2494 2096 2498 -
2115 2486 2154 2505 ex-

1512 2527 1629 2559 emplum
1645 2526 1717 2552 dedit
1730 2525 1808 2551 nobis
1826 2525 1861 2551 ad
1874 2525 2048 2551 laborandum
2062 2528 2087 2550 et
2100 2531 2155 2550 sus-

1512 2571 1648 2597 tinendum
1679 2572 1721 2597 Vll
1750 2570 1801 2596 350
1832 2570 1873 2601 49,
1902 2570 1935 2595 50
1959 2584 1995 2588 —
2024 2569 2155 2602 corporali

1512 2616 1603 2642 labore
1621 2616 1743 2647 fatigatus
1763 2615 1788 2640 in
1809 2615 1900 2641 itinere
1920 2615 1971 2640 168
1991 2614 2024 2639 10
2061 2645 2064 2648 ¹

1565 2674 1601 2679 —
1620 2660 1665 2686 dat
1683 2660 1833 2691 exemplum
1863 2658 2070 2684 mansuetudinis
2089 2657 2156 2683 ordi-

1513 2712 1579 2731 nans
1591 2705 1625 2731 ad
1638 2705 1798 2737 proximum,
1812 2707 1838 2730 et
1850 2703 1970 2736 puritatis
1983 2703 2108 2728 ordinans
2121 2702 2155 2727 ad

1513 2756 1611 2781 corpus
1634 2749 1774 2781 proprium
1799 2748 1832 2773 Vl
1861 2747 1912 2773 543
1939 2748 1954 2773 2
1983 2761 2018 2766 -
2043 2747 2155 2772 maxime

1508 2794 1618 2820 -sobrius
1637 2796 1693 2819 erat
1712 2793 1755 2818 Vll
1775 2792 1827 2818 547
1847 2792 1880 2818 28
1899 2806 1935 2810 -
1954 2791 2155 2817 fuit-modestus

1513 2845 1565 2864 non
1585 2838 1755 2864 accelerando
1775 2837 1931 2862 sententiam
1952 2837 1983 2861 Vl
1999 2835 2050 2861 354
2064 2836 2089 2860 7.
2102 2835 2153 2860 356

1514 2882 1547 2908 14
1566 2896 1602 2901 -—
1621 2882 1693 2907 dedit
1712 2882 1862 2912 exemplum
1886 2886 1998 2912 operum
2017 2886 2156 2911 superero-

1513 2926 1626 2958 gationis
1645 2926 1695 2950 563
1716 2926 1732 2951 5

1567 2985 1602 2988 —
1626 2969 1764 2996 Dissimilis
1791 2972 1847 2994 erat
1874 2968 1930 2994 aliis
1962 2968 2015 2993 vita
2044 2967 2155 2993 exterior

1513 3014 1607 3041 Christi
1634 3014 1724 3047 quoad
1753 3013 1869 3043 initium,
1889 3013 1951 3045 quia
1971 3012 2027 3037 sine
2046 3014 2154 3043 peccato

1514 3062 1669 3090 conceptus,
1689 3058 1778 3091 quoad
1798 3057 1924 3088 medium,
1945 3056 2007 3088 quia
2025 3056 2082 3081 sine
2095 3062 2154 3087 pec-

1513 3107 1571 3129 cato
1596 3105 1780 3132 conversatus,
1804 3100 1893 3134 quoad
1919 3100 2071 3129 terminum,
2091 3100 2152 3132 quia

1514 3150 1634 3173 mortuus
1652 3147 1708 3172 sine
1727 3146 1818 3171 mortis
1837 3145 1927 3171 debito
1947 3144 1980 3169 Vl
2004 3144 2051 3169 123
2072 3151 2097 3168 v.
2120 3144 2152 3169 15

1513 3205 1548 3211 -
1567 3191 1706 3217 Dissimilia
1720 3190 1776 3215 aliis
1795 3192 1869 3215 erant
1889 3190 1954 3214 facta
1973 3191 1998 3214 et
2017 3188 2155 3220 disciplina

1513 3235 1608 3262 Christi
1627 3234 1688 3261 ibid.

1567 3294 1601 3298 —-
1629 3278 1759 3311 approbat
1786 3281 1888 3304 rectum
1914 3277 2040 3303 iudicium
2069 3277 2154 3302 solum

1514 3324 1557 3350 Vll
1580 3324 1628 3349 186
1648 3323 1683 3349 74
1701 3337 1738 3343 -
1756 3330 1805 3349 5110
1834 3322 1954 3354 exemplo
1978 3322 2103 3347 informat
2122 3321 2154 3346 ad

1515 3368 1742 3400 perspicacitatem
1760 3368 1849 3394 iudicii
1871 3367 1922 3392 248
1944 3367 1994 3392 102

2015 3420 2047 3443 88
