2427 3872
293 244 358 276 810

575 284 634 311 pac

292 331 434 363 discipulos
453 329 515 356 ibid.
534 344 568 349 —-
582 330 619 355 Ad
639 330 795 355 solvendum
811 332 932 361 peccato-

293 382 349 402 rem
368 375 402 401 de
420 375 520 408 laqueis
542 373 638 400 diaboli
658 381 753 406 magna
772 373 853 400 debet
873 381 931 400 esse

293 419 439 446 sollicitudo
458 422 484 445 et
502 419 636 451 diligentia
655 418 699 444 Vll
719 418 769 444 344
790 418 823 443 32
841 432 876 437 ——-
889 425 929 444 su-

293 464 400 490 scitatur
418 463 584 496 spiritualiter
603 463 730 495 plorando
749 470 796 495 per
814 469 932 495 compas-

293 509 408 539 sionem,
427 507 578 533 accedendo
597 513 645 538 per
663 506 879 537 subventionem,
892 513 933 532 ac-

293 552 430 578 clamando
456 558 501 583 per
531 551 749 583 praedicationem
776 552 808 577 Vi
837 552 884 578 591
919 553 928 577 1

294 610 328 615 -
347 596 484 622 Suscitatio
507 595 651 627 peccatoris
678 594 712 621 ib.
741 596 755 621 4
784 610 819 614 ——
847 596 934 622 Susci-

293 641 355 666 tatio
375 640 520 672 peccatoris
544 640 695 676 designatur
717 647 763 672 per
790 640 933 666 suscitatio-

293 692 355 710 nem
382 684 449 709 filiae
473 684 674 715 archisynagogi
697 684 740 709 Vll
765 684 817 709 214
845 685 873 709 91
899 699 933 703 -

293 729 322 754 111
340 728 507 754 suscitatione
526 728 670 759 peccatoris
688 734 702 752 a
721 731 805 753 morte
827 735 933 754 concur-

293 776 354 798 runt
372 772 481 798 virtutes
499 771 577 802 fidei,
599 772 654 803 spei
683 774 708 797 et
733 772 846 798 caritatis
870 771 932 798 ibid.

295 831 328 835 —
345 817 431 842 nulius
444 816 528 842 sanari
542 819 628 847 potest
638 816 687 841 nisi
700 816 766 843 intra
783 817 932 842 ecclesiasti-

294 868 352 886 cam
372 861 497 886 unitatem
517 860 568 885 436
588 860 616 885 31

346 918 382 923 -
401 907 509 930 sanatus
527 903 607 929 debet
630 910 687 929 csse
706 907 795 936 gratus
819 911 932 930 comme-

295 949 423 974 morando
444 948 554 980 gratiam
574 951 600 973 et
619 951 710 973 cautus
729 948 869 976 devitando
882 949 932 974 cul-

294 1000 355 1025 pam
376 992 409 1017 Vi
429 992 475 1018 561
494 999 521 1017 v.
541 991 574 1017 14
587 1005 622 1010 -
636 993 784 1024 frequenter
802 995 861 1024 post
874 999 932 1018 con-

294 1037 443 1062 versionem
463 1039 502 1061 est
521 1036 662 1062 ferventior
680 1042 761 1068 quam
780 1036 864 1062 iustus
889 1037 931 1062 Vll

295 1081 347 1107 386
368 1080 400 1106 14
419 1094 455 1099 —-
468 1080 500 1105 ad
515 1080 686 1107 custodienda
703 1080 824 1106 mandata
845 1080 933 1112 impel-

295 1126 355 1151 litur
386 1125 513 1150 memoria
542 1124 740 1156 praeteritorum
775 1127 800 1149 et
823 1124 932 1150 trahitur

294 1169 426 1195 desiderio
446 1170 593 1194 futurorum
612 1167 676 1194 ibid.

348 1228 382 1232 -—
403 1213 538 1245 poenitens
558 1219 610 1238 non
630 1215 669 1238 est
687 1212 779 1238 melior
797 1219 877 1245 quam
891 1220 934 1238 no-

295 1258 402 1290 naginta
427 1264 525 1283 novem
544 1257 603 1282 iusti
633 1257 675 1282 Vll
696 1257 747 1282 386
768 1256 801 1282 14
819 1270 855 1276 --·
873 1264 933 1288 poe-

295 1303 380 1329 nitens
399 1305 438 1328 est
457 1308 535 1327 causa
556 1302 617 1327 novi
633 1301 722 1333 gaudii
741 1293 767 1326 in
787 1302 858 1327 caelo
871 1300 933 1327 ibid.

294 1362 331 1367 —
350 1348 386 1373 De
405 1346 564 1379 poenitentia
584 1346 697 1371 hominis
715 1347 860 1378 peccatoris
873 1353 934 1377 gau·

295 1392 412 1419 dendum
431 1394 471 1416 est
489 1393 588 1422 septem
613 1390 646 1416 de
671 1390 757 1415 causis
776 1390 826 1415 388
848 1390 879 1416 19
901 1405 934 1409 -

294 1437 407 1467 Omnes,
425 1435 472 1468 qui
494 1435 607 1466 diligunt
625 1434 708 1460 Deum
735 1437 761 1460 et
788 1433 886 1460 bonum
909 1437 935 1460 et

294 1481 339 1514 qui
360 1479 456 1506 habent
474 1479 577 1512 pietatis
594 1479 729 1509 affectum,
749 1485 809 1504 cum
829 1479 935 1511 Angelis

294 1525 421 1551 exsultare
440 1523 538 1550 debent
555 1523 590 1549 de
609 1523 781 1549 conversione
804 1523 935 1555 et.poeni·

270 1599 276 1602 ¹
294 1570 372 1596 tentia
393 1571 561 1601 peccatorum
581 1567 631 1593 389
652 1567 686 1593 20
701 1581 734 1585 -
747 1567 784 1592 De
804 1567 935 1599 poeniten-

295 1614 329 1639 tia
349 1613 427 1639 unius
446 1612 591 1645 peccatoris
609 1612 717 1637 exsultat
735 1611 879 1637 hierarchia
893 1618 936 1637 su-

295 1657 476 1690 percaelestis,
495 1656 613 1682 caelestis
634 1659 659 1681 et
683 1655 852 1682 subcaeiestis
870 1655 933 1682 ibid.

296 1716 330 1721 —
352 1701 479 1727 Dominus
504 1701 614 1726 muitum
641 1695 829 1732 pensat'unam
853 1700 935 1726 humi-

295 1746 346 1771 lem
367 1745 584 1777 supplicationem
612 1745 758 1777 peccatoris
780 1745 936 1778 poenitentis

297 1789 348 1816 457
368 1789 402 1815 24

349 1834 483 1859 1150011011
503 1846 537 1852 -·
558 1834 676 1859 nominat
694 1833 824 1859 actionem
851 1833 936 1865 priva-

296 1881 349 1903 tam
370 1877 455 1909 aliqua
474 1876 562 1902 debita
576 1877 787 1909 circumstantia,
802 1878 845 1902 vel
863 1876 935 1903 debi-

297 1924 352 1947 tum
373 1928 434 1947 cum
460 1921 606 1952 privatione
625 1920 700 1953 boni,
724 1921 757 1946 ad
783 1921 855 1954 quod
883 1924 936 1953 est,

296 1966 339 1991 vei
359 1966 443 1997 ipsam
464 1965 526 1990 boni
540 1965 714 1997 privationem
732 1965 763 1990 Vi
783 1965 834 1990 249
855 1965 888 1990 14
902 1979 936 1984 -—-

296 2010 414 2036 utactio
442 2012 481 2034 est
508 2009 606 2041 aliquid
635 2012 660 2034 01
687 2009 818 2034 concernit
837 2008 938 2035 bonum

297 2053 458 2080 substratum
478 2056 504 2078 et
519 2053 618 2078 ratione
631 2053 698 2079 iliius
716 2060 731 2078 a
746 2053 799 2078 Deo
819 2056 871 2084 est,
889 2054 935 2079 sed

297 2105 351 2124 non
370 2098 470 2124 ratione
494 2097 667 2123 deformitatis
686 2096 747 2123 ibid.
768 2111 804 2116 —
823 2100 851 2123 ut
876 2097 938 2123 dicit

297 2142 415 2168 debitum
444 2146 505 2168 cu'm
534 2141 694 2174 privatione,
724 2144 764 2167 est
790 2141 937 2167 secundum

297 2186 376 2219 quid;
396 2188 425 2211 ut
442 2186 504 2212 dicit
518 2186 580 2211 boni
599 2185 788 2217 privationem,
807 2188 846 2211 est
858 2185 939 2211 omni-

298 2237 331 2256 no
350 2231 413 2256 nihil
432 2229 495 2256 ibid.
513 2243 549 2249 —
561 2230 656 2256 dicitur
675 2230 738 2258 nihii
757 2229 821 2256 ibid.
835 2243 871 2249 —
884 2237 938 2255 cor-

298 2275 396 2307 rumpit
416 2274 515 2300 bonum
540 2274 645 2306 agendo
664 2280 712 2306 per
736 2277 856 2300 naturam
876 2273 939 2300 boni

300 2318 457 2349 substratam
477 2318 540 2345 ibid.

350 2377 385 2381 -
405 2363 500 2388 dicitur
517 2370 616 2399 vanum
637 2369 684 2394 per
706 2362 880 2394 privationem
900 2369 939 2388 or-

298 2406 438 2432 dinationis
456 2407 481 2432 in
495 2407 574 2432 finem
594 2399 628 2431 Vi
648 2406 664 2431 7
685 2413 699 2431 a
718 2420 753 2424 —-
774 2406 810 2432 De
830 2409 939 2439 peccato

299 2454 338 2476 est
356 2451 454 2476 theoria
474 2451 574 2476 ratione
589 2450 695 2476 virtutis
713 2449 748 2476 ib.
767 2449 785 2475 b

352 2508 387 2513 —
406 2495 432 2520 in
456 2498 564 2526 peccato
592 2498 631 2520 cst
659 2494 828 2520 considerare
852 2501 939 2520 macu-

300 2538 366 2569 lam,
385 2541 485 2564 reatum
511 2542 537 2564 et
555 2539 680 2564 offensam
710 2538 742 2563 Vi
770 2538 822 2564 543
843 2538 867 2564 4.
887 2538 933 2564 591

301 2588 327 2607 ν.
347 2580 380 2606 50
399 2595 434 2601 —
452 2582 631 2608 consideratur
644 2582 806 2608 vel‘ratione
818 2582 939 2608 deformi-

301 2625 374 2657 tatis,
392 2626 434 2650 vei
460 2626 558 2651 ratione
582 2625 748 2657 obligationis
772 2626 805 2652 ad
825 2633 939 2659 poenam

301 2670 335 2694 80
355 2676 381 2701 q.
400 2682 435 2688 —
454 2669 480 2695 ln
503 2672 611 2701 peccato
636 2673 675 2695 est
702 2670 777 2701 culpa
808 2673 833 2695 et
851 2672 940 2696 reatus

303 2719 406 2745 poenae
425 2712 477 2738 514
498 2714 529 2737 19

355 2770 391 2776 —-
410 2756 504 2782 dicitur
523 2763 631 2782 somnus
646 2760 672 2782 et
690 2763 763 2782 mors
782 2757 815 2782 Vl
835 2757 882 2782 31i
907 2757 939 2782 49

302 2814 338 2820 -
357 2803 417 2826 511111
441 2803 532 2832 portae
556 2800 648 2826 mortis
668 2800 719 2826 595
739 2807 765 2826 v.
784 2800 818 2826 32
843 2814 878 2820 ——
903 2804 942 2827 est

303 2845 406 2877 gladius
422 2844 463 2870 bis
476 2848 581 2875 acutus,
600 2844 723 2870 occidens
742 2851 839 2876 corpus
850 2847 875 2870 et
889 2846 940 2870 ani-

303 2896 373 2915 mam
394 2889 445 2915 212
464 2896 490 2914 v.
511 2888 544 2915 14
562 2902 598 2907 -
616 2888 716 2913 Peccati
737 2888 852 2920 cognitio
870 2895 941 2914 com-

303 2936 409 2965 paratur
428 2940 534 2959 muscae
554 2932 672 2958 morienti
688 2932 722 2957 79
743 2939 768 2957 v.
789 2932 820 2956 18
834 2946 868 2951 -
881 2935 942 2958 ster-

303 2984 364 3003 cora
383 2978 505 3003 dicuntur
528 2977 571 3002 Vll
591 2977 642 3003 339
670 2977 702 3002 13
727 2989 764 2995 -
787 2976 882 3002 dicitur
907 2976 943 3001 in-

304 3021 414 3047 firmitas
433 3021 466 3047 Vi
480 3021 531 3047 587
552 3022 567 3046 6
580 3034 616 3040 -
629 3020 754 3047 avaritiae
773 3023 833 3046 sunt
851 3020 943 3052 spinae

305 3065 347 3091 Vii
367 3065 419 3091 504
438 3066 470 3091 12

358 3123 391 3128 -
410 3110 437 3135 111
457 3112 564 3141 peccato
591 3112 630 3135 est
652 3108 790 3135 conversio
819 3115 866 3141 per
885 3115 944 3134 con-

304 3153 493 3185 cupiscentiam
512 3156 538 3179 et
550 3153 654 3179 aversio
668 3160 715 3185 per
728 3153 880 3185 superbiam
900 3152 943 3178 Vll

307 3197 357 3222 183
377 3197 410 3222 67
423 3211 458 3215 -—
471 3197 577 3223 offendit
595 3197 680 3223 solum
701 3197 784 3223 Deum
799 3197 831 3224 Vl
845 3196 896 3222 355
911 3196 943 3221 10

305 3254 341 3259 -
359 3242 385 3266 111
405 3240 522 3273 quolibet
535 3243 644 3272 peccato
658 3241 760 3266 mortali
779 3241 807 3267 fit
825 3247 945 3267 recessus

306 3291 321 3309 a
341 3285 395 3310 Deo
420 3284 471 3309 199
499 3291 527 3310 v.
555 3285 588 3310 12
607 3298 642 3304 -
660 3285 764 3316 elongat
783 3291 797 3310 a
826 3285 881 3310 Deo
900 3284 943 3310 Vll

307 3328 359 3353 395
379 3327 412 3353 34
431 3341 466 3347 -
484 3331 522 3354 051
536 3329 610 3360 regio
629 3328 772 3361 longinqua
786 3335 801 3354 a
819 3328 874 3354 Deo
894 3328 945 3354 390

308 3371 342 3397 24
354 3385 389 3391 -
411 3374 440 3397 111
458 3372 579 3405 iniquitas
597 3372 700 3404 elongat
718 3379 733 3398 a
752 3378 856 3398 summa
873 3371 944 3398 boni-

1156 242 1271 274 INDEX
1295 242 1423 275 RERUM

970 332 1034 361 tate,
1054 332 1082 355 ut
1100 329 1206 356 tenebra
1226 331 1330 362 elongat
1349 338 1363 356 a
1383 338 1486 357 summa
1507 332 1564 357 luce
1583 335 1608 359 et

968 374 1090 405 veritate,
1113 377 1141 399 ut
1159 374 1222 400 nihil
1240 375 1345 407 elongat
1358 382 1372 400 a
1386 382 1489 401 summa
1503 376 1608 402 entitate

969 417 1032 444 ibid.
1462 424 1465 425 ⁷

1022 476 1057 481 —
1075 462 1240 494 cogitationis
1258 463 1409 495 intelligitur
1428 470 1476 496 per
1494 464 1608 496 puellam

970 508 1100 532 mortuam
1121 507 1146 532 in
1164 506 1253 538 domo,
1272 508 1432 539 operationis
1459 514 1506 540 per
1525 508 1609 534 adole-

969 553 1085 576 scentem
1111 551 1136 576 in
1156 554 1244 583 porta,
1270 552 1467 578 consuetudinis
1495 559 1543 585 per
1564 553 1609 578 La-

969 602 1059 621 zarum
1079 595 1105 620 in
1126 595 1247 627 sepulcro
1267 595 1311 621 Vll
1332 595 1380 621 172
1401 597 1444 622 32.
1462 597 1514 623 215
1534 597 1568 622 96

1023 654 1058 657 -
1076 639 1178 665 actuale
1196 646 1244 671 per
1262 640 1380 672 quinque
1393 641 1492 672 gradus
1510 641 1609 673 perfici-

970 687 1012 709 tur
1030 684 1073 709 Vll
1103 684 1154 709 177
1174 683 1207 708 46
1226 697 1262 702 -
1280 684 1414 709 Processio
1443 685 1468 710 in
1497 678 1609 717 peccatis

969 731 1008 753 est
1026 728 1163 760 septuplex
1184 728 1215 753 Vl
1236 728 1287 752 118
1307 735 1334 753 v.
1354 728 1386 753 16
1404 729 1497 754 —Vix
1513 730 1609 755 contin-

969 773 1020 804 git,
1039 772 1103 805 quin
1131 778 1236 797 morosa
1255 772 1391 797 delectatio
1422 772 1559 805 demergat
1584 774 1609 799 in

969 817 1079 842 mortale
1104 819 1241 848 peccatum
1268 817 1318 841 399
1340 816 1373 842 30
1392 830 1428 836 -
1446 823 1610 843 consumma-

969 864 1011 887 tur
1029 861 1138 886 interius
1158 861 1183 886 in
1203 867 1348 891 consensu,
1369 860 1395 885 in
1413 868 1467 893 quo
1487 865 1609 893 peccator

969 905 1080 931 moritur
1099 903 1162 930 ibid.

1023 963 1057 967 -
1076 949 1220 980 importans
1243 951 1424 980 contemptum
1443 952 1483 975 est
1501 949 1610 974 mortale

969 993 1001 1019 Vl
1016 993 1044 1018 61
1063 1001 1088 1026 q.
1103 993 1119 1018 5
1132 992 1167 1012 -‘-
1180 992 1282 1025 Corpus
1296 993 1410 1018 animam
1425 993 1457 1018 ad
1471 996 1609 1025 peccatum

969 1038 1077 1063 mortale
1095 1037 1201 1065 inclinat
1220 1038 1271 1063 170
1299 1045 1326 1063 v.
1346 1037 1379 1062 15
1397 1051 1433 1056 --
1451 1038 1611 1064 Diuturnitas

968 1082 1094 1114 temporis
1107 1089 1159 1108 11011
1168 1081 1291 1107 diminuit
1301 1081 1438 1114 peccatum
1446 1101 1452 1113 ‚
1462 1082 1509 1107 secl
1523 1083 1611 1114 potius

969 1129 1048 1158 auget
1067 1126 1117 1152 200
1137 1134 1162 1152 v.
1184 1126 1216 1151 16
1236 1140 1272 1144 ——
1290 1129 1329 1151 est
1348 1126 1423 1158 quasi
1448 1129 1537 1152 catena
1558 1127 1610 1152 220

971 1170 1002 1195 17
1028 1184 1063 1189 -
1092 1171 1161 1196 Multi
1193 1174 1253 1196 sunt
1282 1170 1338 1196 sine
1368 1174 1476 1202 peccato
1508 1172 1610 1197 mortali

971 1214 998 1239 61
1024 1222 1050 1247 q.
1070 1215 1085 1240 5

1025 1273 1058 1277 -
1077 1260 1245 1285 peccatorum
1265 1260 1414 1286 mortalium
1433 1261 1541 1286 vulnera
1562 1267 1609 1293 per

970 1302 1068 1334 lepram
1096 1303 1268 1335 designantur
1296 1304 1338 1330 Vll
1360 1305 1405 1329 121
1439 1305 1482 1330 31.
1503 1305 1554 1330 122
1575 1306 1608 1330 36

970 1360 1005 1365 -
1024 1347 1131 1372 mortale
1151 1348 1265 1374 maculat
1293 1351 1318 1373 et
1337 1348 1465 1374 deformat
1494 1349 1608 1374 animam

970 1393 996 1416 et
1014 1391 1074 1416 ideo
1092 1391 1245 1423 designatur
1264 1399 1311 1424 per
1330 1392 1429 1424 lepram
1451 1393 1501 1418 122
1521 1393 1555 1419 36
1574 1407 1610 1412 -

970 1431 1205 1466 Corres'pondentia
1231 1436 1330 1467 peccati
1360 1444 1420 1462 cum
1448 1437 1520 1469 lepra
1545 1436 1608 1463 ibid.

970 1492 1006 1498 —
1024 1479 1124 1504 actuale
1143 1479 1270 1510 figuratur
1290 1480 1314 1505 in
1333 1481 1405 1512 lepra
1425 1482 1475 1507 128
1495 1482 1529 1507 60

1023 1536 1060 1541 -
1081 1522 1225 1554 importans
1249 1524 1470 1558 qualemcumque
1494 1526 1612 1552 omissio-

972 1574 1032 1592 nem
1044 1566 1253 1592 circumstantiae
1263 1570 1301 1593 est
1311 1569 1412 1594 veniale
1425 1570 1458 1595 Vl
1469 1570 1497 1594 61
1510 1577 1536 1603 q.
1550 1571 1566 1596 5
1576 1585 1611 1589 —

972 1610 1075 1642 Corpus
1093 1611 1207 1636 animam
1227 1612 1370 1637 necessitati
1391 1614 1491 1644 peccati
1504 1615 1611 1640 venialis

972 1655 1072 1686 obligat
1086 1654 1137 1680 170
1151 1662 1176 1680 ν.
1192 1654 1225 1680 15
1237 1669 1272 1673 —-
1285 1655 1374 1681 Nullus
1386 1657 1492 1682 estsine
1505 1662 1611 1689 peceato

973 1699 1066 1725 veniali
1087 1699 1116 1724 61
1140 1706 1166 1731 q.
1187 1699 1203 1724 5
1222 1713 1257 1717 -
1276 1699 1377 1724 veniale
1402 1707 1452 1725 non
1472 1704 1558 1732 potest
1576 1702 1610 1727 vi·

973 1744 1021 1770 tari
1041 1742 1238 1774 universaliter,
1257 1743 1304 1768 sed
1323 1742 1460 1775 quodlibet
1477 1745 1613 1776 particula-

973 1789 1035 1814 riter
1054 1787 1088 1814 ib.
1107 1786 1136 1813 2*
1155 1801 1190 1806 —
1209 1787 1294 1812 Homo
1313 1793 1367 1812 non
1386 1791 1536 1820 excusatur,
1549 1790 1613 1821 quin

973 1836 1065 1866 peccet
1083 1832 1171 1865 aliquo
1190 1832 1277 1858 modo.
1289 1832 1315 1857 in
1335 1839 1367 1857 eo
1380 1832 1453 1865 quod
1467 1832 1548 1858 vitare
1561 1840 1613 1858 non

973 1880 1059 1909 potest
1077 1883 1108 1902 ex
1125 1876 1188 1902 vitio
1202 1875 1264 1902 ibid.
1277 1890 1312 1895 -
1326 1876 1388 1901 Sine
1403 1876 1516 1908 pcccatis
1528 1877 1615 1902 venia-

973 1921 1042 1947 libus
1055 1928 1106 1947 non
1119 1921 1225 1947 ducitur
1241 1927 1366 1952 praesens
1385 1921 1438 1946 vita
1460 1921 1500 1946 Vll
1515 1921 1566 1946 287
1580 1920 1614 1946 34

973 1979 1008 1985 -·
1027 1966 1135 1991 Peccato
1154 1965 1251 1990 veniali
1278 1971 1368 1990 carere
1386 1971 1440 1990 non
1459 1971 1614 1997 possumus,

974 2010 1064 2035 saitem
1085 2010 1129 2035 diu
1149 2009 1182 2035 Vi
1197 2009 1248 2035 204
1268 2016 1293 2035 v.
1311 2010 1326 2035 2
1338 2023 1374 2029 -
1388 2008 1506 2035 Christus
1518 2012 1544 2035 et
1557 2008 1616 2034 bea-

975 2055 1073 2081 tissima
1092 2054 1175 2088 Virgo
1196 2055 1300 2079 fuerunt
1318 2053 1374 2080 sine
1393 2057 1501 2086 peccato
1519 2054 1614 2080 veniali

974 2099 1003 2124 61
1028 2106 1054 2131 q.
1074 2098 1090 2123 5

1029 2156 1064 2162 --
1083 2143 1146 2174 ligat
1164 2141 1256 2168 faciem
1276 2142 1456 2174 cogitationis,
1478 2145 1507 2168 111
1525 2149 1616 2175 pecca-

976 2189 1016 2212 tor
1029 2194 1081 2212 non
1095 2187 1181 2212 valeat
1193 2186 1227 2212 de
1241 2187 1294 2212 Deo
1313 2187 1458 2218 recogitare
1466 2196 1472 2218 ;
1486 2187 1569 2219 pedes
1582 2188 1615 2212 as-

976 2231 1105 2262 fectionis,
1119 2233 1147 2257 ut
1165 2237 1216 2256 non
1231 2231 1313 2263 possit
1332 2238 1345 2256 a
1360 2235 1468 2269 peccato
1481 2232 1615 2264 resipisce-

976 2282 1018 2306 re;
1039 2282 1133 2301 manus
1161 2275 1335 2307 operationis,
1355 2278 1383 2301 ut
1411 2283 1463 2301 non
1486 2276 1569 2308 possit
1588 2276 1614 2302 in

976 2318 1046 2345 bono
1065 2319 1195 2350 proficere
1215 2319 1246 2344 Vl
1267 2319 1318 2345 593
1337 2327 1363 2345 v.
1385 2319 1418 2345 44
1438 2334 1473 2339 -
1491 2320 1554 2352 ligat
1573 2328 1615 2353 pe-

976 2363 1024 2389 des
1042 2363 1209 2389 affectionum
1238 2370 1285 2395 per
1304 2363 1402 2389 maium
1431 2370 1564 2396 amorem,
1583 2366 1616 2390 fa-

976 2407 1043 2433 ciem
1063 2414 1111 2440 per
1130 2407 1227 2432 malum
1243 2407 1387 2439 pudorem,
1407 2415 1501 2434 manus
1520 2415 1568 2440 per
1581 2409 1616 2434 111-

977 2452 1127 2478 ordinatum
1147 2454 1282 2483 torporem
1300 2450 1362 2477 ibid.
1375 2465 1411 2470 —
1424 2452 1483 2478 facit
1505 2453 1615 2479 surdum

977 2496 1010 2522 ad
1023 2496 1159 2521 veritatem
1172 2494 1341 2527 audiendam,
1360 2501 1468 2521 caecum
1482 2496 1515 2522 ad
1528 2497 1618 2523 viden-

976 2540 1039 2566 dam
1068 2542 1094 2564 et
1113 2541 1216 2564 mutum
1245 2538 1278 2564 ad
1307 2539 1481 2565 confitendam
1502 2533 1545 2566 'vlt
1565 2542 1616 2567 289

977 2584 1010 2609 38
1029 2597 1066 2603 -
1085 2582 1180 2609 dicitur
1198 2582 1278 2615 lapis,
1297 2583 1358 2615 quia
1377 2583 1476 2616 operit,
1505 2585 1617 2618 premit,

977 2627 1103 2659 includit;
1133 2627 1174 2653 vel
1203 2627 1265 2659 quia
1293 2626 1416 2652 obscurat
1445 2627 1617 2661 intellectum,

978 2672 1082 2697 indurat
1106 2671 1282 2702 voluntatem,
1313 2674 1405 2702 gravat
1431 2670 1554 2697 virtutem
1585 2673 1616 2698 Vl

978 2715 1028 2741 593
1050 2723 1076 2740 v.
1096 2715 1129 2740 39

1032 2773 1066 2777 —
1085 2758 1208 2790 graviora
1228 2757 1340 2784 maiores
1359 2758 1509 2790 relinquunt
1527 2766 1618 2792 seque-

978 2803 1015 2828 1115
1035 2800 1076 2828 Vii
1092 2802 1144 2828 215
1163 2802 1196 2827 96
1217 2815 1251 2820 —-
1269 2801 1445 2834 depauperat,
1465 2803 1618 2834 expellendo

979 2846 1105 2878 gratiam,
1134 2846 1240 2878 polluit,
1268 2845 1413 2877 ingerendo
1441 2846 1545 2878 culpam
1571 2854 1617 2872 seu

980 2889 1110 2916 maculam'
1118 2909 1125 2922 ,
1145 2890 1271 2921 infirmat,
1287 2888 1483 2921 corrumpendo
1495 2890 1551 2915 sive
1564 2890 1619 2916 vul-

979 2934 1096 2960 nerando
1115 2937 1234 2960 naturam
1264 2934 1297 2959 Vl
1326 2933 1378 2959 556
1407 2933 1422 2958 3
1442 2946 1477 2952 —
1496 2933 1620 2959 resistunt

980 2978 1079 3010 gratiae
1097 2981 1123 3004 et
1141 2977 1307 3004 obstaculum
1331 2980 1432 3010 ponunt
1451 2977 1493 3003 Vll
1514 2977 1564 3003 490
1585 2978 1619 3004 50

979 3035 1015 3041 -
1033 3022 1216 3047 exterminium
1236 3022 1344 3053 dicitur,
1363 3021 1424 3054 quia
1445 3024 1515 3047 extra
1535 3022 1621 3047 termi-

981 3072 1029 3091 nos
1047 3065 1146 3097 gratiae
1175 3065 1248 3098 ponit
1276 3066 1309 3092 vt
1330 3065 1380 3091 117
1401 3072 1427 3091 v.
1447 3057 1480 3091 14
1499 3079 1535 3084 -
1554 3065 1620 3091 inssr·

981 3111 1036 3134 mat
1054 3109 1214 3135 voluntatem
1233 3109 1267 3135 ad
1283 3109 1383 3135 bonum
1403 3109 1446 3135 Vll
1466 3109 1498 3135 98
1517 3109 1545 3135 41

1034 3165 1069 3171 -
1089 3153 1209 3179 Nondum
1229 3156 1306 3179 natus
1331 3160 1382 3179 non
1401 3156 1488 3185 potest
1512 3160 1622 3186 peccare

983 3196 1117 3222 actualiter
1137 3196 1169 3222 Vl
1189 3197 1240 3223 375
1261 3197 1294 3223 15
1314 3211 1348 3216 —-
1367 3198 1478 3223 Peccnre
1497 3204 1549 3223 non
1567 3200 1623 3230 pot-

983 3243 1022 3266 est
1042 3240 1090 3266 nisi
1109 3240 1200 3266 volens
1220 3240 1270 3266 474
1290 3240 1324 3267 34
1343 3248 1399 3273 arg.
1423 3242 1439 3267 2
1458 3255 1493 3261 -
1512 3242 1622 3268 l‘eccare

983 3286 1023 3310 est
1042 3283 1066 3309 in
1086 3283 1204 3310 libertate
1222 3283 1322 3311 arbitrii
1342 3284 1392 3310 187
1415 3291 1442 3311 v.
1462 3285 1494 3311 10
1514 3299 1548 3304 -
1567 3285 1622 3312 Non

984 3334 1126 3360 peccamus
1144 3328 1312 3361 necessitate,
1337 3328 1385 3354 sed
1408 3329 1542 3355 voluntate
1566 3336 1622 3362 per-

983 3378 1061 3398 versa
1075 3371 1125 3397 117
1139 3379 1165 3398 ν.
1180 3372 1212 3398 14
1225 3387 1260 3391 -
1270 3373 1351 3398 Nemo
1361 3375 1453 3405 peccat
1466 3372 1490 3399 in
1503 3379 1535 3399 eo
1548 3372 1622 3406 quod

1940 288 1999 316 PEC

1645 331 1728 357 vitare
1746 339 1799 358 non
1818 336 1903 365 potest
1922 333 1950 359 61
1974 341 2001 366 q.
2021 334 2037 359 5
2065 341 2122 366 arg.
2142 335 2157 360 2
2176 348 2212 354 —-
2230 334 2282 361 Cor

1645 376 1826 409 reprehendit,
1845 377 1952 410 quando
1969 380 2107 410 peecatum
2124 379 2284 410 complacuit

1645 418 1680 445 ib.
1700 419 1728 444 ri·
1746 434 1781 439 -
1799 421 1910 453 Quando
1937 422 2010 455 quod
2029 422 2112 448 noluit
2139 423 2212 454 fecit,
2234 423 2283 449 etsi

1646 465 1780 495 peccavit,
1798 471 1843 490 cor
1858 472 1911 491 non
1927 467 2095 498 reprehendit
2113 466 2174 493 ibid.

1699 522 1735 526 --
1758 508 1850 534 Peccat
1877 509 1922 545 qui
1951 509 2051 535 bonum
2080 511 2140 537 facit
2158 518 2283 543 perversa

1647 552 1787 578 intentione
1807 552 1839 577 Vl
1860 552 1910 578 410
1927 552 1944 578 b
1972 567 2007 573 —
2025 555 2118 580 Peccat
2141 556 2285 581 mortaliter

1646 596 1692 629 qui
1711 597 1803 622 fruitur
1831 596 1934 623 utendis
1962 597 1992 623 51
2016 597 2042 630 q'.
2071 598 2086 623 3
2105 611 2141 617 —
2159 599 2195 623 Ex
2213 599 2285 624 locu-

1646 641 1715 667 tione
1733 648 1842 666 erronea
1863 642 1943 667 homo
1968 641 2154 674 praecipitatur
2179 642 2204 667 in
2223 649 2284 674 pec·

1646 685 1710 711 catis
1729 685 1762 710 43
1781 692 1807 710 v.
1827 685 1844 710 5
1856 699 1892 704 —
1904 685 1996 711 Peccat
2013 685 2153 717 dupliciter
2172 686 2217 718 qui
2231 693 2284 711 ma-

1646 729 1687 762 gis
1706 729 1835 762 ponderat
1860 730 1965 761 culpam
1984 729 2011 755 in
2035 730 2085 755 alio
2104 737 2183 763 quam
2203 730 2230 756 111
2255 737 2285 756 50

1645 774 1688 799 Vll
1713 774 1755 799 161
1780 774 1813 799 95
1832 787 1868 792 -
1887 773 1936 806 Qui
1962 776 2114 805 peccantem
2135 774 2228 800 videns
2247 777 2285 800 ta-

1646 821 1686 844 cet
1704 818 1738 843 ita
1759 821 1858 850 peccat,
1878 818 1945 843 sicut
1957 818 2003 850 qui
2017 818 2160 850 poenitenti
2179 825 2231 843 non
2247 818 2285 843 in-

1646 862 1736 894 dulget
1756 862 1806 888 428
1826 863 1851 895 91
1872 862 1905 887 10
1924 876 1960 881 -
1978 862 2060 894 Magis
2079 864 2171 894 peccat
2189 862 2234 895 qui
2253 869 2285 888 ex
2310 890 2317 895 Ι

1647 906 1741 931 malitia
1762 913 1842 939 quam
1862 906 1907 939 qui
1927 913 1957 932 ex
1974 906 2123 932 infirmitate
2141 906 2183 931 vel
2203 906 2286 938 impo-

1647 950 1725 975 tentia
1744 950 1777 975 Vt
1793 950 1843 975 492
1859 951 1900 976 12.
1915 950 1966 976 494
1986 950 2020 976 24
2034 964 2068 968 -
2086 950 2224 976 Peccantes
2237 957 2285 982 per

1647 993 1834 1025 ignorantiam,
1852 994 2032 1026 impotentiam
2046 997 2072 1020 et
2085 995 2209 1020 malitiam
2225 997 2286 1021 sunt

1647 1037 1732 1068 caeci,
1752 1037 1838 1063 claudi
1857 1041 1883 1063 et
1901 1038 1967 1063 aridi
1986 1039 2038 1063 305
2059 1038 2091 1064 14
2111 1053 2146 1057 —-
2165 1039 2192 1064 ln
2213 1039 2284 1071 ligno

1647 1081 1817 1114 peccavimus
1837 1081 1888 1106 495
1907 1076 1940 1107 26

1700 1126 1781 1151 —ln
1805 1132 1917 1156 corpore
1942 1128 2066 1157 peccatur
2090 1133 2139 1158 per
2160 1127 2287 1159 concupi-

1646 1170 1771 1196 scentiam
1791 1170 1927 1195 oculorum
1944 1172 1970 1195 et
1982 1169 2068 1195 carnis
2082 1170 2125 1195 Vii
2140 1170 2189 1195 353
2204 1170 2237 1196 59
2250 1184 2287 1190 -

1646 1215 1739 1240 Peccat
1757 1215 1782 1240 in
1802 1215 1903 1240 caelum
1922 1214 1968 1247 qui
1987 1216 2079 1246 peccat
2095 1214 2120 1239 in
2133 1214 2287 1240 ecclesiasti-

1646 1268 1704 1286 cam
1723 1260 1849 1286 unitatem
1863 1260 1912 1286 393
1928 1261 1961 1286 30
1980 1275 2016 1278 -
2035 1260 2126 1286 Peccat
2139 1260 2165 1285 in
2184 1261 2286 1286 caelum

1646 1305 1692 1338 qui
1702 1305 1786 1330 Deum
1797 1304 1862 1330 caeli
1872 1305 2014 1330 contemnit
2024 1304 2075 1330 395
2086 1304 2120 1330 35
2130 1318 2166 1323 -
2175 1304 2287 1330 Peccare

1647 1349 1673 1375 in
1692 1356 1741 1375 nos
1760 1349 1867 1382 dicitur,
1886 1349 1994 1381 quando
2013 1355 2066 1374 non
2079 1349 2165 1374 solum
2185 1348 2212 1374 in
2230 1356 2287 1381 per-

1646 1400 1739 1419 sonam
1758 1395 1888 1423 nostram,
1902 1392 1949 1418 sed
1968 1393 2046 1418 etiam
2066 1392 2143 1418 nobis
2165 1400 2287 1425 praesen-

1648 1437 1717 1463 tibus
1735 1437 1796 1470 quis
1814 1439 1905 1468 peccat
1924 1435 1974 1461 428
1995 1436 2010 1461 8

1700 1495 1736 1500 —
1759 1481 1829 1506 Deus
1857 1480 1970 1512 praescit
1997 1483 2117 1512 peccata,
2145 1483 2286 1513 antequam

1648 1526 1712 1551 fiunt
1732 1525 1763 1550 vi
1783 1525 1834 1550 228
1848 1532 1873 1550 v.
1896 1525 1905 1550 1
1929 1538 1965 1543 -
1983 1524 2070 1550 media
2088 1524 2155 1550 inter
2174 1525 2287 1556 primam

1648 1570 1806 1602 apostasiam
1820 1572 1845 1595 et
1864 1569 1982 1595 ultimam
1996 1575 2109 1601 poenam
2129 1571 2189 1594 sunt
2203 1575 2288 1601 poena

1647 1618 1673 1640 et
1692 1614 1768 1646 culpa
1787 1614 1819 1639 19
1839 1621 1865 1646 q.
1886 1614 1896 1638 1
1921 1628 1956 1632 -
1975 1615 2014 1639 est
2026 1620 2111 1646 poena
2131 1613 2289 1645 praeceden-

1649 1659 1713 1684 tium
1734 1660 1901 1690 peccatorum
1922 1660 1947 1683 et
1960 1658 2036 1689 culpa
2049 1657 2075 1683 in
2095 1664 2123 1683 se
2143 1657 2194 1683 203
2213 1664 2240 1683 v.
2253 1657 2282 1683 31

1648 1702 1762 1728 —inter
1780 1709 1808 1727 se
1827 1708 1943 1727 connexa
1962 1704 2023 1727 sunt
2042 1701 2088 1727 221
2113 1708 2139 1726 v.
2161 1701 2192 1726 18

1702 1761 1738 1765 -
1757 1746 1816 1772 facit
1828 1746 2053 1771 abominationem
2067 1745 2171 1771 affectui
2189 1748 2215 1771 et
2228 1751 2290 1771 con-

1650 1790 1772 1816 scientiae
1791 1790 1824 1815 Vi
1849 1789 1883 1815 79
1904 1796 1930 1814 v.
1957 1790 1989 1814 18
2009 1803 2044 1807 -
2069 1787 2148 1814 habet
2167 1789 2288 1814 timorem

1651 1841 1780 1860 annexum
1801 1834 1852 1860 219
1875 1841 1901 1859 v.
1928 1834 1960 1859 10
1980 1847 2013 1852 -—
2033 1833 2151 1859 enormia
2177 1833 2290 1859 maxime

1652 1877 1678 1902 in
1703 1877 1818 1904 obscuro
1846 1878 1910 1903 flunt
1938 1878 1989 1903 218
2019 1884 2045 1903 v.
2075 1878 2090 1903 3
2109 1891 2145 1896 —
2167 1877 2290 1903 dicuntur

1652 1928 1732 1952 opera
1752 1921 1919 1947 tenebrarum
1939 1921 2002 1948 ibid.
2016 1935 2050 1940 —
2063 1922 2123 1947 latet
2136 1921 2289 1953 calliditate,

1652 1965 1793 1990 sanctitatis
1806 1965 1981 1998 simulatione,
1994 1965 2127 1997 dignitatis
2137 1965 2291 1991 auctoritate

1654 2008 1703 2034 173
1724 2015 1750 2033 v.
1771 2009 1785 2033 8

1706 2066 1741 2071 —-
1760 2053 1856 2078 factum
1886 2053 1911 2078 in
1939 2052 2045 2085 publico
2072 2054 2230 2080 scandalizat
2255 2053 2288 2079 Vl

1653 2096 1686 2123 84
1706 2104 1732 2130 q.
1751 2111 1786 2115 --
1805 2096 1856 2129 Qui
1884 2096 2035 2129 obloquitur
2063 2098 2123 2123 facit
2149 2100 2287 2130 peccatum

1654 2142 1831 2173 innotescere,
1850 2141 1924 2174 quod
1947 2141 2008 2166 latet
2025 2139 2088 2167 ibid.
2106 2155 2142 2161 —
2161 2142 2293 2168 Praelatus

1653 2186 1738 2212 malus
1756 2186 1845 2218 alligat
1858 2185 1908 2211 sibi
1922 2187 2028 2217 peccata
2042 2184 2157 2216 duplicia
2176 2186 2210 2211 67
2230 2193 2256 2212 v.
2275 2186 2291 2211 9

1705 2245 1740 2249 —-—
1757 2231 1791 2256 Ex
1805 2229 2012 2256 consideratione
2025 2229 2126 2261 proprii
2140 2229 2239 2261 peccati
2252 2236 2292 2255 or-

1652 2278 1708 2301 tum
1729 2273 1808 2300 habet
1832 2274 2000 2306 compunctio
2025 2273 2145 2299 reficiens
2170 2274 2291 2299 affectum

1655 2319 1686 2345 Vl
1706 2319 1757 2345 319
1780 2319 1806 2344 11
1825 2333 1860 2337 -
1873 2319 1958 2345 1101110
1977 2325 2005 2343 50
2024 2317 2140 2350 disponit
2158 2317 2192 2344 ad
2210 2317 2292 2343 vitam

1653 2356 1813 2396 spiritualem
1827 2366 1965 2395 peccatum
1979 2362 2135 2388 dimittendo
2148 2365 2174 2388 et
2186 2362 2219 2388 de
2233 2369 2292 2394 pec-

1653 2410 1711 2433 cato
1729 2407 1843 2433 dolendo
1862 2407 1913 2432 562
1933 2414 1960 2432 v.
1984 2407 2013 2432 21
2036 2420 2073 2425 -
2090 2406 2213 2432 1)111115510
2234 2412 2294 2438 pec-

1653 2451 1702 2477 cati
1722 2451 1837 2483 disponit
1855 2451 1889 2477 ad
1906 2451 1987 2476 vitam
2006 2450 2166 2482 spiritualem
2186 2456 2293 2482 recupe-

1653 2495 1764 2521 randam
1784 2495 1831 2520 591
1855 2502 1881 2520 v.
1902 2494 1935 2520 43
1953 2509 1989 2513 -
2007 2494 2103 2520 10511110
2123 2488 2263 2520 absolvens
2275 2500 2290 2519 a

1654 2541 1731 2572 culpa
1751 2546 1804 2565 non
1822 2539 1867 2565 dat
1886 2538 2031 2564 libertatem
2051 2538 2179 2564 redeundi
2192 2538 2226 2564 ad
2239 2538 2295 2563 cul—

1654 2591 1716 2616 pam
1736 2583 1788 2609 355
1809 2583 1842 2608 12

1707 2642 1742 2646 -
1761 2628 1811 2653 Pro
1830 2629 1937 2659 peccato
1951 2626 2069 2652 sanando
2088 2625 2205 2652 Christus
2225 2633 2295 2652 mor-

1655 2674 1716 2697 tuus
1735 2674 1774 2697 est
1793 2671 1826 2697 Vl
1847 2671 1893 2697 591
1912 2678 1939 2696 v.
1952 2670 1985 2696 50
2000 2685 2034 2689 -
2048 2671 2116 2696 liiors
2128 2670 2222 2696 Christi
2235 2677 2296 2696 con-

1655 2715 1725 2741 ciliat
1743 2716 1868 2741 offensam
1883 2714 1983 2747 peccati
1995 2713 2059 2741 ibid.
2071 2729 2106 2732 —
2119 2714 2246 2740 Generale
2257 2721 2296 2739 re-

1655 2759 1772 2784 medium
1793 2766 1841 2791 pro
1859 2758 1973 2790 peccatis
1985 2765 2033 2790 per
2046 2758 2196 2790 passionem
2209 2758 2297 2791 acqui·

1655 2803 1766 2829 rendum
1794 2805 1833 2828 est
1862 2803 1904 2828 Vll
1936 2802 1985 2827 109
2015 2802 2047 2827 88
2068 2816 2102 2820 -
2127 2802 2295 2828 Resurrectio

1655 2845 1750 2872 Christi
1768 2846 1891 2872 informat
1915 2853 1964 2872 nos
1983 2846 2016 2871 ad
2039 2845 2215 2872 desertionem
2235 2852 2294 2878 pec-

1656 2893 1774 2916 catorum
1795 2890 1827 2915 Vi
1850 2891 1902 2916 620
1929 2897 1956 2916 v.
1981 2890 1997 2915 9
2016 2904 2052 2908 -
2070 2889 2233 2916 destructum
2256 2893 2296 2916 est

1657 2941 1704 2966 per
1722 2934 1823 2966 iignum
1847 2934 1933 2960 crucis
1953 2934 2003 2959 198
2024 2941 2050 2960 v.
2069 2933 2086 2959 7
2104 2947 2140 2953 -
2158 2934 2218 2960 Ρο51
2236 2941 2297 2966 pas-

1657 2977 1759 3004 sionem
1783 2977 1878 3004 Christi
1901 2977 2021 3004 homines
2049 2977 2158 3009 gravius
2185 2980 2295 3010 peccant

1660 3021 1705 3047 421
1730 3022 1762 3047 53
1783 3029 1841 3054 urg.

1711 3079 1746 3085 —
1759 3066 1883 3092 Motivum
1897 3065 1931 3092 ad
1947 3065 2111 3098 peccandum
2123 3068 2163 3091 est
2181 3072 2298 3092 commu-

1659 3108 1738 3135 tabile
1757 3109 1857 3136 bonum
1877 3110 1922 3136 vii
1941 3110 1975 3135 90
1989 3110 2004 3135 8
2022 3122 2059 3129 —
2077 3109 2134 3135 Non
2153 3112 2192 3136 est
2210 3109 2298 3135 incon-

1659 3153 1781 3186 veniens,
1800 3154 1876 3186 plura
1894 3160 1952 3180 esse
1977 3153 2047 3179 initia
2071 3156 2240 3186 peccatorum
2259 3160 2297 3179 se-

1660 3197 1777 3223 cundum
1796 3197 1916 3233 diversos
1940 3200 2075 3229 respectus
2094 3198 2126 3223 Vi
2146 3197 2197 3223 203
2217 3204 2243 3223 v.
2263 3196 2297 3222 27

1660 3254 1695 3260 -
1716 3240 1836 3273 Origines
1864 3243 2032 3273 peccatorum
2060 3243 2121 3266 sunt
2148 3240 2298 3271 infirmitas,

1660 3284 1784 3316 caecitas,
1804 3284 1950 3316 malignitas
1974 3283 2025 3310 404
2051 3283 2085 3310 57
2107 3297 2143 3304 —-
2161 3283 2253 3310 Malitia
2272 3286 2298 3309 et

1661 3330 1827 3360 contemptus
1845 3331 1905 3355 sunt
1923 3328 1992 3354 duae
2007 3327 2110 3354 radices
2128 3330 2297 3360 peecatorum

1660 3372 1695 3398 72
1715 3379 1742 3398 ν.
1761 3373 1776 3398 3
1789 3385 1825 3392 -
1838 3372 1943 3405 Triplex
1956 3374 1995 3398 est
2007 3371 2081 3398 radix
2093 3371 2180 3398 omnis
2198 3371 2299 3404 peccati
