<?xml version="1.0" encoding="UTF-8"?>
<!DOCTYPE html PUBLIC "-//W3C//DTD XHTML 1.0 Transitional//EN"
    "http://www.w3.org/TR/xhtml1/DTD/xhtml1-transitional.dtd">
<html xmlns="http://www.w3.org/1999/xhtml" xml:lang="en" lang="en">
 <head>
  <title>
</title>
<meta http-equiv="Content-Type" content="text/html;charset=utf-8" />
  <meta name='ocr-system' content='tesseract 3.04.00' />
  <meta name='ocr-capabilities' content='ocr_page ocr_carea ocr_par ocr_line ocrx_word'/>
</head>
<body>
  <div class='ocr_page' id='page_1' title='image "./doctorisseraphic07bona_0552.png"; bbox 0 0 2476 3921; ppageno 0'>
   <div class='ocr_carea' id='block_1_1' title="bbox 162 835 287 858">
    <p class='ocr_par' dir='ltr' id='par_1_1' title="bbox 162 835 287 858">
     <span class='ocr_line' id='line_1_1' title="bbox 162 835 287 858; baseline -0.016 0"><span class='ocrx_word' id='word_1_1' title='bbox 162 837 211 858; x_wconf 76' lang='lat' dir='ltr'>Alia</span> <span class='ocrx_word' id='word_1_2' title='bbox 225 835 287 857; x_wconf 86' lang='lat' dir='ltr'>ratio.</span> 
     </span>
    </p>
   </div>
   <div class='ocr_carea' id='block_1_2' title="bbox 143 1843 303 1945">
    <p class='ocr_par' dir='ltr' id='par_1_2' title="bbox 143 1843 303 1945">
     <span class='ocr_line' id='line_1_2' title="bbox 143 1843 303 1870; baseline 0 -5"><span class='ocrx_word' id='word_1_3' title='bbox 143 1843 219 1870; x_wconf 88' lang='lat' dir='ltr'><strong>Quoad</strong></span> <span class='ocrx_word' id='word_1_4' title='bbox 231 1849 303 1870; x_wconf 82' lang='lat' dir='ltr'>super-</span> 
     </span>
     <span class='ocr_line' id='line_1_3' title="bbox 166 1871 285 1892; baseline 0 -1"><span class='ocrx_word' id='word_1_5' title='bbox 166 1871 285 1892; x_wconf 82' lang='lat' dir='ltr'>ventionem</span> 
     </span>
     <span class='ocr_line' id='line_1_4' title="bbox 158 1897 290 1924; baseline 0 -6"><span class='ocrx_word' id='word_1_6' title='bbox 158 1897 290 1924; x_wconf 76' lang='lat' dir='ltr'>pestilentia-</span> 
     </span>
     <span class='ocr_line' id='line_1_5' title="bbox 198 1929 253 1945; baseline 0.018 -1"><span class='ocrx_word' id='word_1_7' title='bbox 198 1929 253 1945; x_wconf 86' lang='lat' dir='ltr'>rum.</span> 
     </span>
    </p>
   </div>
   <div class='ocr_carea' id='block_1_3' title="bbox 153 2323 291 2451">
    <p class='ocr_par' dir='ltr' id='par_1_3' title="bbox 153 2323 291 2451">
     <span class='ocr_line' id='line_1_6' title="bbox 158 2323 290 2350; baseline 0 -6"><span class='ocrx_word' id='word_1_8' title='bbox 158 2323 215 2344; x_wconf 79' lang='lat' dir='ltr'>Haec</span> <span class='ocrx_word' id='word_1_9' title='bbox 229 2328 290 2350; x_wconf 85' lang='lat' dir='ltr'>prae-</span> 
     </span>
     <span class='ocr_line' id='line_1_7' title="bbox 170 2352 281 2371; baseline 0 0"><span class='ocrx_word' id='word_1_10' title='bbox 170 2352 281 2371; x_wconf 81' lang='lat' dir='ltr'>cesserunt</span> 
     </span>
     <span class='ocr_line' id='line_1_8' title="bbox 157 2376 291 2397; baseline 0 0"><span class='ocrx_word' id='word_1_11' title='bbox 157 2376 291 2397; x_wconf 77' lang='lat' dir='ltr'>eversionem</span> 
     </span>
     <span class='ocr_line' id='line_1_9' title="bbox 153 2403 291 2430; baseline 0 -6"><span class='ocrx_word' id='word_1_12' title='bbox 153 2403 291 2430; x_wconf 78' lang='lat' dir='ltr'>ierosolymo-</span> 
     </span>
     <span class='ocr_line' id='line_1_10' title="bbox 197 2435 252 2451; baseline -0.018 0"><span class='ocrx_word' id='word_1_13' title='bbox 197 2435 252 2451; x_wconf 85' lang='lat' dir='ltr'>rum.</span> 
     </span>
    </p>
   </div>
   <div class='ocr_carea' id='block_1_4' title="bbox 308 317 372 349">
    <p class='ocr_par' dir='ltr' id='par_1_4' title="bbox 308 317 372 349">
     <span class='ocr_line' id='line_1_11' title="bbox 308 317 372 349; baseline -0.016 0"><span class='ocrx_word' id='word_1_14' title='bbox 308 317 372 349; x_wconf 74' lang='lat'>5⁶26</span> 
     </span>
    </p>
   </div>
   <div class='ocr_carea' id='block_1_5' title="bbox 303 399 1271 1290">
    <p class='ocr_par' dir='ltr' id='par_1_5' title="bbox 303 399 1271 1290">
     <span class='ocr_line' id='line_1_12' title="bbox 312 399 1268 442; baseline -0.007 -4"><span class='ocrx_word' id='word_1_15' title='bbox 312 418 328 435; x_wconf 75' lang='lat' dir='ltr'>-x</span> <span class='ocrx_word' id='word_1_16' title='bbox 351 405 454 439; x_wconf 81' lang='lat' dir='ltr'>Sancti</span> <span class='ocrx_word' id='word_1_17' title='bbox 488 404 548 436; x_wconf 91' lang='lat' dir='ltr'>viri</span> <span class='ocrx_word' id='word_1_18' title='bbox 579 403 610 435; x_wconf 91' lang='lat' dir='ltr'>in</span> <span class='ocrx_word' id='word_1_19' title='bbox 645 402 804 436; x_wconf 89' lang='lat' dir='ltr'>auditione</span> <span class='ocrx_word' id='word_1_20' title='bbox 836 401 901 434; x_wconf 92' lang='lat' dir='ltr'>sive</span> <span class='ocrx_word' id='word_1_21' title='bbox 936 400 1167 442; x_wconf 80' lang='lat' dir='ltr'><strong>corporalium,</strong></span> <span class='ocrx_word' id='word_1_22' title='bbox 1201 399 1268 432; x_wconf 88' lang='lat' dir='ltr'>sive</span> 
     </span>
     <span class='ocr_line' id='line_1_13' title="bbox 307 452 1267 500; baseline -0.008 -9"><span class='ocrx_word' id='word_1_23' title='bbox 307 457 518 500; x_wconf 83' lang='lat' dir='ltr'>spiritualium</span> <span class='ocrx_word' id='word_1_24' title='bbox 542 456 734 498; x_wconf 87' lang='lat' dir='ltr'>proeliorum</span> <span class='ocrx_word' id='word_1_25' title='bbox 762 452 1039 496; x_wconf 86' lang='lat' dir='ltr'>imperturbabiles</span> <span class='ocrx_word' id='word_1_26' title='bbox 1062 454 1267 495; x_wconf 82' lang='lat' dir='ltr'><strong>permanent,</strong></span> 
     </span>
     <span class='ocr_line' id='line_1_14' title="bbox 307 506 1268 553; baseline -0.006 -10"><span class='ocrx_word' id='word_1_27' title='bbox 307 511 382 553; x_wconf 89' lang='lat' dir='ltr'>quia</span> <span class='ocrx_word' id='word_1_28' title='bbox 405 519 441 543; x_wconf 91' lang='lat' dir='ltr'>ea</span> <span class='ocrx_word' id='word_1_29' title='bbox 472 517 553 551; x_wconf 88' lang='lat' dir='ltr'>quae</span> <span class='ocrx_word' id='word_1_30' title='bbox 576 512 651 541; x_wconf 87' lang='lat' dir='ltr'>sunt</span> <span class='ocrx_word' id='word_1_31' title='bbox 678 507 710 540; x_wconf 91' lang='lat' dir='ltr'>in</span> <span class='ocrx_word' id='word_1_32' title='bbox 740 506 872 545; x_wconf 89' lang='lat' dir='ltr'>mundo,</span> <span class='ocrx_word' id='word_1_33' title='bbox 904 515 967 538; x_wconf 91' lang='lat' dir='ltr'>non</span> <span class='ocrx_word' id='word_1_34' title='bbox 998 508 1132 547; x_wconf 85' lang='lat' dir='ltr'>possunt</span> <span class='ocrx_word' id='word_1_35' title='bbox 1154 513 1268 538; x_wconf 89' lang='lat' dir='ltr'>nocere</span> 
     </span>
     <span class='ocr_line' id='line_1_15' title="bbox 307 558 1268 604; baseline -0.006 -8"><span class='ocrx_word' id='word_1_36' title='bbox 307 563 352 597; x_wconf 86' lang='lat' dir='ltr'>eis</span> <span class='ocrx_word' id='word_1_37' title='bbox 383 563 437 604; x_wconf 93' lang='lat' dir='ltr'>qui</span> <span class='ocrx_word' id='word_1_38' title='bbox 468 565 542 594; x_wconf 90' lang='lat' dir='ltr'>sunt</span> <span class='ocrx_word' id='word_1_39' title='bbox 572 564 666 594; x_wconf 86' lang='lat' dir='ltr'>extra</span> <span class='ocrx_word' id='word_1_40' title='bbox 693 559 876 598; x_wconf 61' lang='lat' dir='ltr'>mundum,</span> <span class='ocrx_word' id='word_1_41' title='bbox 894 559 977 592; x_wconf 89' lang='lat' dir='ltr'>sicut</span> <span class='ocrx_word' id='word_1_42' title='bbox 1008 558 1062 600; x_wconf 89' lang='lat' dir='ltr'>qui</span> <span class='ocrx_word' id='word_1_43' title='bbox 1087 561 1136 591; x_wconf 87' lang='lat' dir='ltr'>est</span> <span class='ocrx_word' id='word_1_44' title='bbox 1166 558 1198 590; x_wconf 92' lang='lat' dir='ltr'>in</span> <span class='ocrx_word' id='word_1_45' title='bbox 1221 561 1268 590; x_wconf 84' lang='lat' dir='ltr'>ta-</span> 
     </span>
     <span class='ocr_line' id='line_1_16' title="bbox 306 608 1267 656; baseline -0.005 -8"><span class='ocrx_word' id='word_1_46' title='bbox 306 615 477 649; x_wconf 83' lang='lat' dir='ltr'>bernaculo</span> <span class='ocrx_word' id='word_1_47' title='bbox 507 608 620 647; x_wconf 82' lang='lat' dir='ltr'>sonum</span> <span class='ocrx_word' id='word_1_48' title='bbox 652 613 778 656; x_wconf 91' lang='lat' dir='ltr'>quidem</span> <span class='ocrx_word' id='word_1_49' title='bbox 808 612 1001 654; x_wconf 80' lang='lat' dir='ltr'>tempestatis</span> <span class='ocrx_word' id='word_1_50' title='bbox 1024 611 1126 650; x_wconf 87' lang='lat' dir='ltr'>audit,</span> <span class='ocrx_word' id='word_1_51' title='bbox 1155 611 1267 644; x_wconf 87' lang='lat' dir='ltr'>flatum</span> 
     </span>
     <span class='ocr_line' id='line_1_17' title="bbox 306 664 1267 701; baseline -0.006 0"><span class='ocrx_word' id='word_1_52' title='bbox 306 672 412 701; x_wconf 88' lang='lat' dir='ltr'>autem</span> <span class='ocrx_word' id='word_1_53' title='bbox 428 677 490 700; x_wconf 90' lang='lat' dir='ltr'>non</span> <span class='ocrx_word' id='word_1_54' title='bbox 508 667 602 700; x_wconf 82' lang='lat' dir='ltr'>sentit</span> <span class='ocrx_word' id='word_1_55' title='bbox 618 680 648 698; x_wconf 70' lang='lat' dir='ltr'>n.</span> <span class='ocrx_word' id='word_1_56' title='bbox 674 666 744 699; x_wconf 90' lang='lat' dir='ltr'>Ideo</span> <span class='ocrx_word' id='word_1_57' title='bbox 767 665 1011 698; x_wconf 88' lang='lat' dir='ltr'>Proverbiorum</span> <span class='ocrx_word' id='word_1_58' title='bbox 1035 664 1221 697; x_wconf 87' lang='lat' dir='ltr'>duodecimo</span> <span class='ocrx_word' id='word_1_59' title='bbox 1239 665 1267 695; x_wconf 89' lang='lat'>¹:</span> 
     </span>
     <span class='ocr_line' id='line_1_18' title="bbox 313 717 1267 761; baseline -0.005 -7"><span class='ocrx_word' id='word_1_60' title='bbox 313 734 328 750; x_wconf 75' lang='grc' dir='ltr'><em>α</em></span> <span class='ocrx_word' id='word_1_61' title='bbox 350 721 416 754; x_wconf 90' lang='lat' dir='ltr'>Non</span> <span class='ocrx_word' id='word_1_62' title='bbox 441 720 638 754; x_wconf 78' lang='lat' dir='ltr'>contristabit</span> <span class='ocrx_word' id='word_1_63' title='bbox 669 720 806 758; x_wconf 91' lang='lat' dir='ltr'>iustum,</span> <span class='ocrx_word' id='word_1_64' title='bbox 831 718 985 761; x_wconf 90' lang='lat' dir='ltr'>quidquid</span> <span class='ocrx_word' id='word_1_65' title='bbox 1016 718 1044 751; x_wconf 91' lang='lat' dir='ltr'>ei</span> <span class='ocrx_word' id='word_1_66' title='bbox 1068 717 1217 751; x_wconf 87' lang='lat' dir='ltr'>acciderit</span> <span class='ocrx_word' id='word_1_67' title='bbox 1235 729 1267 749; x_wconf 75' lang='lat' dir='ltr'>n.</span> 
     </span>
     <span class='ocr_line' id='line_1_19' title="bbox 306 771 1269 816; baseline -0.005 -9"><span class='ocrx_word' id='word_1_68' title='bbox 306 774 372 807; x_wconf 91' lang='lat' dir='ltr'>Non</span> <span class='ocrx_word' id='word_1_69' title='bbox 389 777 463 807; x_wconf 87' lang='lat' dir='ltr'>sunt</span> <span class='ocrx_word' id='word_1_70' title='bbox 486 774 583 816; x_wconf 88' lang='lat' dir='ltr'>igitur</span> <span class='ocrx_word' id='word_1_71' title='bbox 599 774 677 806; x_wconf 90' lang='lat' dir='ltr'>haec</span> <span class='ocrx_word' id='word_1_72' title='bbox 699 772 912 811; x_wconf 82' lang='lat' dir='ltr'>formidanda,</span> <span class='ocrx_word' id='word_1_73' title='bbox 937 771 1012 814; x_wconf 89' lang='lat' dir='ltr'>quia</span> <span class='ocrx_word' id='word_1_74' title='bbox 1026 780 1089 804; x_wconf 91' lang='lat' dir='ltr'>non</span> <span class='ocrx_word' id='word_1_75' title='bbox 1114 774 1189 804; x_wconf 86' lang='lat' dir='ltr'>sunt</span> <span class='ocrx_word' id='word_1_76' title='bbox 1211 779 1269 802; x_wconf 57' lang='lat' dir='ltr'>rto÷</span> 
     </span>
     <span class='ocr_line' id='line_1_20' title="bbox 307 824 1269 867; baseline -0.004 -7"><span class='ocrx_word' id='word_1_77' title='bbox 307 828 391 860; x_wconf 79' lang='lat' dir='ltr'>eiva.</span> <span class='ocrx_word' id='word_1_78' title='bbox 407 846 452 851; x_wconf 93' lang='lat'><strong>—</strong></span> <span class='ocrx_word' id='word_1_79' title='bbox 467 827 532 859; x_wconf 92' lang='lat' dir='ltr'>Non</span> <span class='ocrx_word' id='word_1_80' title='bbox 557 830 632 859; x_wconf 88' lang='lat' dir='ltr'>sunt</span> <span class='ocrx_word' id='word_1_81' title='bbox 656 826 748 859; x_wconf 89' lang='lat' dir='ltr'>etiam</span> <span class='ocrx_word' id='word_1_82' title='bbox 773 825 985 863; x_wconf 82' lang='lat' dir='ltr'>formidanda,</span> <span class='ocrx_word' id='word_1_83' title='bbox 1010 824 1085 867; x_wconf 88' lang='lat' dir='ltr'>quia</span> <span class='ocrx_word' id='word_1_84' title='bbox 1116 826 1191 857; x_wconf 89' lang='lat' dir='ltr'>sunt</span> <span class='ocrx_word' id='word_1_85' title='bbox 1213 833 1269 866; x_wconf 83' lang='lat' dir='ltr'>op-</span> 
     </span>
     <span class='ocr_line' id='line_1_21' title="bbox 303 876 1268 924; baseline -0.004 -11"><span class='ocrx_word' id='word_1_86' title='bbox 303 885 472 924; x_wconf 77' lang='lat' dir='ltr'>portuna;</span> <span class='ocrx_word' id='word_1_87' title='bbox 495 880 564 913; x_wconf 90' lang='lat' dir='ltr'>ideo</span> <span class='ocrx_word' id='word_1_88' title='bbox 595 879 702 912; x_wconf 84' lang='lat' dir='ltr'>addit:</span> <span class='ocrx_word' id='word_1_89' title='bbox 731 879 874 921; x_wconf 79' lang='lat' dir='ltr'>Oportet,</span> <span class='ocrx_word' id='word_1_90' title='bbox 894 878 1046 921; x_wconf 76' lang='lat' dir='ltr'>primum</span> <span class='ocrx_word' id='word_1_91' title='bbox 1072 876 1152 910; x_wconf 78' lang='lat' dir='ltr'>haee</span> <span class='ocrx_word' id='word_1_92' title='bbox 1174 876 1268 918; x_wconf 76' lang='lat' dir='ltr'>fieri,</span> 
     </span>
     <span class='ocr_line' id='line_1_22' title="bbox 305 931 1269 975; baseline -0.004 -8"><span class='ocrx_word' id='word_1_93' title='bbox 305 935 362 967; x_wconf 78' lang='lat' dir='ltr'>sed</span> <span class='ocrx_word' id='word_1_94' title='bbox 395 934 546 967; x_wconf 75' lang='lat' dir='ltr'>nondum</span> <span class='ocrx_word' id='word_1_95' title='bbox 579 933 694 966; x_wconf 76' lang='lat' dir='ltr'>statim</span> <span class='ocrx_word' id='word_1_96' title='bbox 724 932 813 975; x_wconf 68' lang='lat' dir='ltr'>finis.</span> <span class='ocrx_word' id='word_1_97' title='bbox 849 932 1137 974; x_wconf 77' lang='lat' dir='ltr'>chrysostomus2:</span> <span class='ocrx_word' id='word_1_98' title='bbox 1167 944 1183 960; x_wconf 74' lang='grc' dir='ltr'><em>α</em></span> <span class='ocrx_word' id='word_1_99' title='bbox 1203 931 1269 964; x_wconf 89' lang='grc' dir='ltr'>Νο11</span> 
     </span>
     <span class='ocr_line' id='line_1_23' title="bbox 305 984 1269 1030; baseline -0.004 -10"><span class='ocrx_word' id='word_1_100' title='bbox 305 990 408 1030; x_wconf 88' lang='lat' dir='ltr'>potest</span> <span class='ocrx_word' id='word_1_101' title='bbox 430 996 498 1020; x_wconf 87' lang='lat' dir='ltr'>esse</span> <span class='ocrx_word' id='word_1_102' title='bbox 522 987 666 1029; x_wconf 88' lang='lat' dir='ltr'>signum,</span> <span class='ocrx_word' id='word_1_103' title='bbox 690 986 775 1028; x_wconf 89' lang='lat' dir='ltr'>quod</span> <span class='ocrx_word' id='word_1_104' title='bbox 799 994 923 1028; x_wconf 81' lang='lat' dir='ltr'>semper</span> <span class='ocrx_word' id='word_1_105' title='bbox 946 985 1006 1018; x_wconf 83' lang='lat' dir='ltr'>fuit</span> <span class='ocrx_word' id='word_1_106' title='bbox 1030 985 1060 1017; x_wconf 94' lang='lat' dir='ltr'>in</span> <span class='ocrx_word' id='word_1_107' title='bbox 1097 993 1168 1018; x_wconf 92' lang='lat' dir='ltr'>usu.</span> <span class='ocrx_word' id='word_1_108' title='bbox 1193 984 1269 1016; x_wconf 89' lang='lat' dir='ltr'>Nam</span> 
     </span>
     <span class='ocr_line' id='line_1_24' title="bbox 305 1038 1268 1082; baseline -0.003 -9"><span class='ocrx_word' id='word_1_109' title='bbox 305 1041 387 1074; x_wconf 87' lang='lat' dir='ltr'>bella</span> <span class='ocrx_word' id='word_1_110' title='bbox 422 1041 500 1073; x_wconf 87' lang='grc'>11300</span> <span class='ocrx_word' id='word_1_111' title='bbox 535 1039 711 1082; x_wconf 86' lang='lat' dir='ltr'>corporalia</span> <span class='ocrx_word' id='word_1_112' title='bbox 742 1048 867 1081; x_wconf 87' lang='lat' dir='ltr'>semper</span> <span class='ocrx_word' id='word_1_113' title='bbox 902 1038 1033 1071; x_wconf 89' lang='lat' dir='ltr'>fuerunt</span> <span class='ocrx_word' id='word_1_114' title='bbox 1064 1042 1095 1071; x_wconf 89' lang='lat' dir='ltr'>et</span> <span class='ocrx_word' id='word_1_115' title='bbox 1126 1040 1268 1070; x_wconf 79' lang='lat' dir='ltr'>erunt».</span> 
     </span>
     <span class='ocr_line' id='line_1_25' title="bbox 306 1090 1270 1136; baseline -0.003 -10"><span class='ocrx_word' id='word_1_116' title='bbox 306 1093 463 1136; x_wconf 83' lang='lat' dir='ltr'>Quamdiu</span> <span class='ocrx_word' id='word_1_117' title='bbox 487 1093 570 1126; x_wconf 89' lang='lat' dir='ltr'>enim</span> <span class='ocrx_word' id='word_1_118' title='bbox 596 1096 708 1135; x_wconf 90' lang='lat' dir='ltr'>regnat</span> <span class='ocrx_word' id='word_1_119' title='bbox 731 1091 1002 1134; x_wconf 84' lang='lat' dir='ltr'>concupiscentia,</span> <span class='ocrx_word' id='word_1_120' title='bbox 1026 1093 1168 1133; x_wconf 87' lang='lat' dir='ltr'>oportet,</span> <span class='ocrx_word' id='word_1_121' title='bbox 1185 1090 1270 1133; x_wconf 89' lang='lat' dir='ltr'>quod</span> 
     </span>
     <span class='ocr_line' id='line_1_26' title="bbox 306 1144 1271 1188; baseline -0.004 -8"><span class='ocrx_word' id='word_1_122' title='bbox 306 1148 368 1180; x_wconf 90' lang='lat' dir='ltr'>sint</span> <span class='ocrx_word' id='word_1_123' title='bbox 391 1147 461 1180; x_wconf 88' lang='lat' dir='ltr'>lites</span> <span class='ocrx_word' id='word_1_124' title='bbox 485 1150 516 1180; x_wconf 89' lang='lat' dir='ltr'>et</span> <span class='ocrx_word' id='word_1_125' title='bbox 539 1146 639 1185; x_wconf 88' lang='lat' dir='ltr'>bella;</span> <span class='ocrx_word' id='word_1_126' title='bbox 664 1145 765 1179; x_wconf 91' lang='lat' dir='ltr'>Iacobi</span> <span class='ocrx_word' id='word_1_127' title='bbox 798 1145 955 1188; x_wconf 61' lang='lat' dir='ltr'>quartoss:</span> <span class='ocrx_word' id='word_1_128' title='bbox 985 1158 1001 1174; x_wconf 69' lang='grc' dir='ltr'>α</span> <span class='ocrx_word' id='word_1_129' title='bbox 1017 1144 1104 1178; x_wconf 90' lang='lat' dir='ltr'>Unde</span> <span class='ocrx_word' id='word_1_130' title='bbox 1126 1144 1209 1177; x_wconf 85' lang='lat' dir='ltr'>bella</span> <span class='ocrx_word' id='word_1_131' title='bbox 1239 1147 1271 1177; x_wconf 91' lang='lat' dir='ltr'>et</span> 
     </span>
     <span class='ocr_line' id='line_1_27' title="bbox 306 1197 1271 1241; baseline -0.004 -7"><span class='ocrx_word' id='word_1_132' title='bbox 306 1201 376 1234; x_wconf 91' lang='lat' dir='ltr'>lites</span> <span class='ocrx_word' id='word_1_133' title='bbox 399 1201 430 1233; x_wconf 91' lang='lat' dir='ltr'>in</span> <span class='ocrx_word' id='word_1_134' title='bbox 455 1201 566 1234; x_wconf 83' lang='lat' dir='ltr'>vobis?</span> <span class='ocrx_word' id='word_1_135' title='bbox 590 1201 697 1232; x_wconf 87' lang='lat' dir='ltr'>Nonne</span> <span class='ocrx_word' id='word_1_136' title='bbox 721 1208 763 1232; x_wconf 84' lang='lat' dir='ltr'>ex</span> <span class='ocrx_word' id='word_1_137' title='bbox 780 1198 1059 1241; x_wconf 82' lang='lat' dir='ltr'>concupiscentiis,</span> <span class='ocrx_word' id='word_1_138' title='bbox 1084 1206 1166 1240; x_wconf 90' lang='lat' dir='ltr'>quae</span> <span class='ocrx_word' id='word_1_139' title='bbox 1189 1197 1271 1230; x_wconf 86' lang='lat' dir='ltr'>mili-</span> 
     </span>
     <span class='ocr_line' id='line_1_28' title="bbox 306 1251 1269 1290; baseline -0.004 -3"><span class='ocrx_word' id='word_1_140' title='bbox 306 1257 373 1287; x_wconf 88' lang='lat' dir='ltr'>tant</span> <span class='ocrx_word' id='word_1_141' title='bbox 397 1254 429 1286; x_wconf 90' lang='lat' dir='ltr'>in</span> <span class='ocrx_word' id='word_1_142' title='bbox 453 1253 604 1287; x_wconf 87' lang='lat' dir='ltr'>membris</span> <span class='ocrx_word' id='word_1_143' title='bbox 619 1253 734 1286; x_wconf 89' lang='lat' dir='ltr'>vestris</span> <span class='ocrx_word' id='word_1_144' title='bbox 751 1255 791 1285; x_wconf 71' lang='lat' dir='ltr'>n?</span> <span class='ocrx_word' id='word_1_145' title='bbox 809 1252 963 1285; x_wconf 84' lang='lat' dir='ltr'>Permittit</span> <span class='ocrx_word' id='word_1_146' title='bbox 979 1255 1085 1285; x_wconf 89' lang='lat' dir='ltr'>autem</span> <span class='ocrx_word' id='word_1_147' title='bbox 1102 1251 1269 1290; x_wconf 87' lang='lat' dir='ltr'>Dominus,</span> 
     </span>
    </p>
   </div>
   <div class='ocr_carea' id='block_1_6' title="bbox 306 1303 1296 1340">
    <p class='ocr_par' dir='ltr' id='par_1_6' title="bbox 306 1303 1296 1340">
     <span class='ocr_line' id='line_1_29' title="bbox 306 1303 1296 1340; baseline -0.004 0"><span class='ocrx_word' id='word_1_148' title='bbox 306 1307 383 1340; x_wconf 84' lang='lat' dir='ltr'>haec</span> <span class='ocrx_word' id='word_1_149' title='bbox 406 1307 476 1340; x_wconf 89' lang='lat' dir='ltr'>fieri</span> <span class='ocrx_word' id='word_1_150' title='bbox 504 1307 542 1339; x_wconf 88' lang='lat' dir='ltr'>ad</span> <span class='ocrx_word' id='word_1_151' title='bbox 567 1306 804 1340; x_wconf 83' lang='lat' dir='ltr'>subversionem</span> <span class='ocrx_word' id='word_1_152' title='bbox 829 1305 986 1338; x_wconf 89' lang='lat' dir='ltr'>malorum</span> <span class='ocrx_word' id='word_1_153' title='bbox 1011 1308 1042 1338; x_wconf 93' lang='lat' dir='ltr'>et</span> <span class='ocrx_word' id='word_1_154' title='bbox 1069 1304 1270 1337; x_wconf 85' lang='lat' dir='ltr'>exercitatio-</span> <span class='ocrx_word' id='word_1_155' title='bbox 1294 1303 1296 1309; x_wconf 85' lang='grc'><strong>“</strong></span> 
     </span>
    </p>
   </div>
   <div class='ocr_carea' id='block_1_7' title="bbox 304 1353 1274 2679">
    <p class='ocr_par' dir='ltr' id='par_1_7' title="bbox 306 1353 1272 1776">
     <span class='ocr_line' id='line_1_30' title="bbox 306 1353 1270 1402; baseline -0.004 -9"><span class='ocrx_word' id='word_1_156' title='bbox 306 1370 378 1394; x_wconf 87' lang='grc'>110111</span> <span class='ocrx_word' id='word_1_157' title='bbox 402 1360 576 1399; x_wconf 87' lang='lat' dir='ltr'>bonorum,</span> <span class='ocrx_word' id='word_1_158' title='bbox 598 1353 637 1392; x_wconf 64' lang='lat' dir='ltr'>&gt;ut</span> <span class='ocrx_word' id='word_1_159' title='bbox 660 1360 704 1393; x_wconf 92' lang='grc'>510</span> <span class='ocrx_word' id='word_1_160' title='bbox 729 1362 879 1402; x_wconf 76' lang='lat' dir='ltr'>appareat</span> <span class='ocrx_word' id='word_1_161' title='bbox 902 1358 980 1391; x_wconf 91' lang='lat' dir='ltr'>illud</span> <span class='ocrx_word' id='word_1_162' title='bbox 1009 1358 1061 1391; x_wconf 92' lang='lat' dir='ltr'>Iob</span> <span class='ocrx_word' id='word_1_163' title='bbox 1093 1353 1270 1400; x_wconf 74' lang='lat' dir='ltr'>septimo4:</span> 
     </span>
     <span class='ocr_line' id='line_1_31' title="bbox 311 1410 1271 1455; baseline -0.003 -9"><span class='ocrx_word' id='word_1_164' title='bbox 311 1426 328 1443; x_wconf 76' lang='lat' dir='ltr'>«x</span> <span class='ocrx_word' id='word_1_165' title='bbox 344 1413 451 1446; x_wconf 88' lang='lat' dir='ltr'>Militia</span> <span class='ocrx_word' id='word_1_166' title='bbox 474 1417 521 1446; x_wconf 88' lang='lat' dir='ltr'>est</span> <span class='ocrx_word' id='word_1_167' title='bbox 552 1413 616 1446; x_wconf 91' lang='lat' dir='ltr'>vita</span> <span class='ocrx_word' id='word_1_168' title='bbox 647 1413 784 1446; x_wconf 91' lang='lat' dir='ltr'>hominis</span> <span class='ocrx_word' id='word_1_169' title='bbox 807 1421 904 1455; x_wconf 86' lang='lat' dir='ltr'>super</span> <span class='ocrx_word' id='word_1_170' title='bbox 935 1416 1052 1445; x_wconf 86' lang='lat' dir='ltr'>terram</span> <span class='ocrx_word' id='word_1_171' title='bbox 1077 1425 1108 1443; x_wconf 85' lang='lat'>».</span> <span class='ocrx_word' id='word_1_172' title='bbox 1134 1411 1170 1443; x_wconf 87' lang='lat' dir='ltr'>Et</span> <span class='ocrx_word' id='word_1_173' title='bbox 1202 1410 1271 1443; x_wconf 92' lang='lat' dir='ltr'>ideo</span> 
     </span>
     <span class='ocr_line' id='line_1_32' title="bbox 307 1464 1272 1506; baseline -0.003 -7"><span class='ocrx_word' id='word_1_174' title='bbox 307 1467 359 1500; x_wconf 86' lang='lat' dir='ltr'>ille</span> <span class='ocrx_word' id='word_1_175' title='bbox 375 1467 477 1500; x_wconf 90' lang='lat' dir='ltr'>bonus</span> <span class='ocrx_word' id='word_1_176' title='bbox 499 1466 590 1499; x_wconf 89' lang='lat' dir='ltr'>miles</span> <span class='ocrx_word' id='word_1_177' title='bbox 605 1466 727 1500; x_wconf 89' lang='lat' dir='ltr'>dicebat</span> <span class='ocrx_word' id='word_1_178' title='bbox 751 1466 907 1499; x_wconf 88' lang='lat' dir='ltr'>secundae</span> <span class='ocrx_word' id='word_1_179' title='bbox 923 1465 961 1498; x_wconf 91' lang='lat' dir='ltr'>ad</span> <span class='ocrx_word' id='word_1_180' title='bbox 981 1465 1160 1498; x_wconf 85' lang='lat' dir='ltr'>Corinthios</span> <span class='ocrx_word' id='word_1_181' title='bbox 1176 1464 1272 1506; x_wconf 89' lang='lat' dir='ltr'>septi-</span> 
     </span>
     <span class='ocr_line' id='line_1_33' title="bbox 308 1519 1272 1558; baseline -0.002 -5"><span class='ocrx_word' id='word_1_182' title='bbox 308 1530 377 1553; x_wconf 88' lang='lat' dir='ltr'>mo:</span> <span class='ocrx_word' id='word_1_183' title='bbox 407 1533 422 1549; x_wconf 71' lang='lat'>«</span> <span class='ocrx_word' id='word_1_184' title='bbox 439 1520 516 1553; x_wconf 90' lang='lat' dir='ltr'>Cum</span> <span class='ocrx_word' id='word_1_185' title='bbox 541 1520 737 1554; x_wconf 84' lang='lat' dir='ltr'>venissemus</span> <span class='ocrx_word' id='word_1_186' title='bbox 761 1520 793 1552; x_wconf 92' lang='lat' dir='ltr'>in</span> <span class='ocrx_word' id='word_1_187' title='bbox 817 1519 1046 1558; x_wconf 80' lang='lat' dir='ltr'>Macedoniam,</span> <span class='ocrx_word' id='word_1_188' title='bbox 1077 1519 1196 1551; x_wconf 86' lang='lat' dir='ltr'>nullam</span> <span class='ocrx_word' id='word_1_189' title='bbox 1220 1527 1272 1551; x_wconf 86' lang='lat' dir='ltr'>re-</span> 
     </span>
     <span class='ocr_line' id='line_1_34' title="bbox 308 1572 1270 1616; baseline -0.003 -9"><span class='ocrx_word' id='word_1_190' title='bbox 308 1574 413 1616; x_wconf 88' lang='lat' dir='ltr'>quiem</span> <span class='ocrx_word' id='word_1_191' title='bbox 438 1574 549 1607; x_wconf 87' lang='lat' dir='ltr'>habuit</span> <span class='ocrx_word' id='word_1_192' title='bbox 565 1583 639 1607; x_wconf 88' lang='lat' dir='ltr'>caro</span> <span class='ocrx_word' id='word_1_193' title='bbox 661 1576 787 1613; x_wconf 88' lang='lat' dir='ltr'>nostra,</span> <span class='ocrx_word' id='word_1_194' title='bbox 812 1573 866 1606; x_wconf 90' lang='lat' dir='ltr'>sed</span> <span class='ocrx_word' id='word_1_195' title='bbox 882 1582 1007 1606; x_wconf 89' lang='lat' dir='ltr'>omnem</span> <span class='ocrx_word' id='word_1_196' title='bbox 1032 1572 1270 1605; x_wconf 78' lang='lat' dir='ltr'>tribulationem</span> 
     </span>
     <span class='ocr_line' id='line_1_35' title="bbox 308 1625 1270 1670; baseline -0.003 -10"><span class='ocrx_word' id='word_1_197' title='bbox 308 1628 391 1670; x_wconf 88' lang='lat' dir='ltr'>passi</span> <span class='ocrx_word' id='word_1_198' title='bbox 422 1636 552 1660; x_wconf 88' lang='lat' dir='ltr'>sumus:</span> <span class='ocrx_word' id='word_1_199' title='bbox 585 1627 661 1660; x_wconf 86' lang='lat' dir='ltr'>foris</span> <span class='ocrx_word' id='word_1_200' title='bbox 692 1636 835 1669; x_wconf 80' lang='lat' dir='ltr'>pugnae,</span> <span class='ocrx_word' id='word_1_201' title='bbox 867 1626 953 1659; x_wconf 85' lang='lat' dir='ltr'>intus</span> <span class='ocrx_word' id='word_1_202' title='bbox 984 1626 1162 1658; x_wconf 83' lang='lat' dir='ltr'>timores».</span> <span class='ocrx_word' id='word_1_203' title='bbox 1194 1625 1270 1657; x_wconf 88' lang='lat' dir='ltr'>Nam</span> 
     </span>
     <span class='ocr_line' id='line_1_36' title="bbox 308 1678 1271 1722; baseline -0.002 -9"><span class='ocrx_word' id='word_1_204' title='bbox 308 1681 430 1714; x_wconf 90' lang='lat' dir='ltr'>Ioannis</span> <span class='ocrx_word' id='word_1_205' title='bbox 453 1681 573 1714; x_wconf 87' lang='lat' dir='ltr'>decimo</span> <span class='ocrx_word' id='word_1_206' title='bbox 597 1683 706 1713; x_wconf 83' lang='lat' dir='ltr'>sexto:</span> <span class='ocrx_word' id='word_1_207' title='bbox 736 1693 751 1709; x_wconf 85' lang='lat'>«</span> <span class='ocrx_word' id='word_1_208' title='bbox 769 1681 801 1713; x_wconf 92' lang='grc'>111</span> <span class='ocrx_word' id='word_1_209' title='bbox 825 1680 944 1713; x_wconf 87' lang='grc'>1111111110</span> <span class='ocrx_word' id='word_1_210' title='bbox 967 1688 1150 1722; x_wconf 86' lang='lat' dir='ltr'>pressuram</span> <span class='ocrx_word' id='word_1_211' title='bbox 1175 1678 1271 1711; x_wconf 86' lang='lat' dir='ltr'>hahe-</span> 
     </span>
     <span class='ocr_line' id='line_1_37' title="bbox 308 1733 1045 1776; baseline -0.003 -9"><span class='ocrx_word' id='word_1_212' title='bbox 308 1734 399 1773; x_wconf 88' lang='lat' dir='ltr'>bitis;</span> <span class='ocrx_word' id='word_1_213' title='bbox 424 1734 478 1767; x_wconf 92' lang='lat' dir='ltr'>sed</span> <span class='ocrx_word' id='word_1_214' title='bbox 502 1734 661 1773; x_wconf 89' lang='lat' dir='ltr'>confidite,</span> <span class='ocrx_word' id='word_1_215' title='bbox 686 1742 743 1776; x_wconf 86' lang='lat' dir='ltr'>ego</span> <span class='ocrx_word' id='word_1_216' title='bbox 763 1733 822 1766; x_wconf 89' lang='lat' dir='ltr'>vici</span> <span class='ocrx_word' id='word_1_217' title='bbox 846 1733 1045 1766; x_wconf 67' lang='lat' dir='ltr'>mundum».</span> 
     </span>
    </p>

    <p class='ocr_par' dir='ltr' id='par_1_8' title="bbox 304 1785 1274 2679">
     <span class='ocr_line' id='line_1_38' title="bbox 402 1785 1271 1828; baseline -0.001 -9"><span class='ocrx_word' id='word_1_218' title='bbox 402 1788 450 1819; x_wconf 86' lang='lat'>16.</span> <span class='ocrx_word' id='word_1_219' title='bbox 476 1787 577 1828; x_wconf 90' lang='lat' dir='ltr'>(Vers.</span> <span class='ocrx_word' id='word_1_220' title='bbox 606 1788 655 1819; x_wconf 83' lang='lat'>10.</span> <span class='ocrx_word' id='word_1_221' title='bbox 684 1788 758 1827; x_wconf 84' lang='grc'>11.).</span> <span class='ocrx_word' id='word_1_222' title='bbox 784 1787 889 1819; x_wconf 90' lang='lat' dir='ltr'>Tertio</span> <span class='ocrx_word' id='word_1_223' title='bbox 913 1789 1067 1828; x_wconf 91' lang='lat' dir='ltr'>quantum</span> <span class='ocrx_word' id='word_1_224' title='bbox 1092 1785 1131 1818; x_wconf 89' lang='lat' dir='ltr'>ad</span> <span class='ocrx_word' id='word_1_225' title='bbox 1154 1795 1271 1828; x_wconf 75' lang='lat' dir='ltr'>super-</span> 
     </span>
     <span class='ocr_line' id='line_1_39' title="bbox 309 1838 1271 1882; baseline -0.002 -9"><span class='ocrx_word' id='word_1_226' title='bbox 309 1840 489 1873; x_wconf 80' lang='lat' dir='ltr'>ventionem</span> <span class='ocrx_word' id='word_1_227' title='bbox 509 1839 777 1882; x_wconf 73' lang='lat' dir='ltr'>pestilentiarum</span> <span class='ocrx_word' id='word_1_228' title='bbox 809 1839 989 1881; x_wconf 87' lang='lat' dir='ltr'>subiungit:</span> <span class='ocrx_word' id='word_1_229' title='bbox 1022 1839 1113 1871; x_wconf 80' lang='lat' dir='ltr'>Tunc</span> <span class='ocrx_word' id='word_1_230' title='bbox 1144 1838 1271 1871; x_wconf 81' lang='lat' dir='ltr'>dicebat</span> 
     </span>
     <span class='ocr_line' id='line_1_40' title="bbox 309 1891 1271 1936; baseline -0.002 -10"><span class='ocrx_word' id='word_1_231' title='bbox 309 1894 393 1927; x_wconf 73' lang='lat' dir='ltr'>iltis.-</span> <span class='ocrx_word' id='word_1_232' title='bbox 420 1894 539 1936; x_wconf 70' lang='lat' dir='ltr'>Suryet</span> <span class='ocrx_word' id='word_1_233' title='bbox 560 1903 641 1936; x_wconf 71' lang='lat' dir='ltr'>yens</span> <span class='ocrx_word' id='word_1_234' title='bbox 672 1896 790 1925; x_wconf 79' lang='lat' dir='ltr'>contra</span> <span class='ocrx_word' id='word_1_235' title='bbox 818 1897 965 1935; x_wconf 72' lang='lat' dir='ltr'>yentenz,</span> <span class='ocrx_word' id='word_1_236' title='bbox 990 1896 1019 1924; x_wconf 86' lang='lat' dir='ltr'>et</span> <span class='ocrx_word' id='word_1_237' title='bbox 1046 1901 1185 1934; x_wconf 63' lang='lat' dir='ltr'>regnum</span> <span class='ocrx_word' id='word_1_238' title='bbox 1212 1891 1271 1924; x_wconf 76' lang='lat' dir='ltr'>acl-</span> 
     </span>
     <span class='ocr_line' id='line_1_41' title="bbox 309 1944 1271 1988; baseline -0.002 -9"><span class='ocrx_word' id='word_1_239' title='bbox 309 1956 426 1979; x_wconf 81' lang='lat' dir='ltr'>versus</span> <span class='ocrx_word' id='word_1_240' title='bbox 449 1955 600 1988; x_wconf 71' lang='lat' dir='ltr'>reynum.</span> <span class='ocrx_word' id='word_1_241' title='bbox 617 1945 788 1988; x_wconf 85' lang='lat' dir='ltr'>Gregorius</span> <span class='ocrx_word' id='word_1_242' title='bbox 800 1946 827 1977; x_wconf 84' lang='lat'>⁵:</span> <span class='ocrx_word' id='word_1_243' title='bbox 858 1958 874 1974; x_wconf 92' lang='lat'>«</span> <span class='ocrx_word' id='word_1_244' title='bbox 890 1945 982 1984; x_wconf 84' lang='lat' dir='ltr'>Ecce,</span> <span class='ocrx_word' id='word_1_245' title='bbox 1000 1944 1198 1987; x_wconf 87' lang='lat' dir='ltr'>perturbatio</span> <span class='ocrx_word' id='word_1_246' title='bbox 1214 1945 1271 1977; x_wconf 91' lang='grc'>110-</span> 
     </span>
     <span class='ocr_line' id='line_1_42' title="bbox 308 1998 1270 2042; baseline -0.001 -10"><span class='ocrx_word' id='word_1_247' title='bbox 308 2000 430 2033; x_wconf 88' lang='lat' dir='ltr'>minum</span> <span class='ocrx_word' id='word_1_248' title='bbox 447 2012 482 2039; x_wconf 79' lang='lat'>»;</span> <span class='ocrx_word' id='word_1_249' title='bbox 514 2003 543 2032; x_wconf 85' lang='lat' dir='ltr'>et</span> <span class='ocrx_word' id='word_1_250' title='bbox 575 2004 794 2032; x_wconf 77' lang='lat' dir='ltr'>terraemotus</span> <span class='ocrx_word' id='word_1_251' title='bbox 817 1999 936 2042; x_wconf 73' lang='lat' dir='ltr'>wtayni</span> <span class='ocrx_word' id='word_1_252' title='bbox 958 2002 1057 2031; x_wconf 73' lang='lat' dir='ltr'>erunt</span> <span class='ocrx_word' id='word_1_253' title='bbox 1084 2008 1147 2041; x_wconf 82' lang='lat' dir='ltr'>per</span> <span class='ocrx_word' id='word_1_254' title='bbox 1179 1998 1270 2037; x_wconf 77' lang='lat' dir='ltr'>toea,</span> 
     </span>
     <span class='ocr_line' id='line_1_43' title="bbox 313 2051 1270 2095; baseline -0.002 -9"><span class='ocrx_word' id='word_1_255' title='bbox 313 2066 329 2082; x_wconf 86' lang='lat'>«</span> <span class='ocrx_word' id='word_1_256' title='bbox 352 2062 438 2093; x_wconf 85' lang='lat' dir='ltr'>ecce,</span> <span class='ocrx_word' id='word_1_257' title='bbox 474 2056 638 2095; x_wconf 88' lang='lat' dir='ltr'>respectus</span> <span class='ocrx_word' id='word_1_258' title='bbox 673 2053 740 2086; x_wconf 87' lang='lat' dir='ltr'>irae</span> <span class='ocrx_word' id='word_1_259' title='bbox 771 2052 908 2095; x_wconf 89' lang='lat' dir='ltr'>desuper</span> <span class='ocrx_word' id='word_1_260' title='bbox 929 2064 965 2092; x_wconf 72' lang='lat'>”3</span> <span class='ocrx_word' id='word_1_261' title='bbox 989 2056 1019 2085; x_wconf 88' lang='lat' dir='ltr'>et</span> <span class='ocrx_word' id='word_1_262' title='bbox 1046 2051 1270 2094; x_wconf 77' lang='lat' dir='ltr'>pestilentiae,</span> 
     </span>
     <span class='ocr_line' id='line_1_44' title="bbox 315 2104 1271 2149; baseline 0.001 -12"><span class='ocrx_word' id='word_1_263' title='bbox 315 2120 329 2136; x_wconf 87' lang='lat'>«</span> <span class='ocrx_word' id='word_1_264' title='bbox 346 2115 436 2146; x_wconf 87' lang='lat' dir='ltr'>ecce,</span> <span class='ocrx_word' id='word_1_265' title='bbox 460 2106 667 2149; x_wconf 83' lang='lat' dir='ltr'>inaequalitas</span> <span class='ocrx_word' id='word_1_266' title='bbox 695 2115 865 2149; x_wconf 90' lang='lat' dir='ltr'>corporum</span> <span class='ocrx_word' id='word_1_267' title='bbox 881 2118 917 2145; x_wconf 81' lang='lat'>»3</span> <span class='ocrx_word' id='word_1_268' title='bbox 941 2109 971 2138; x_wconf 90' lang='lat' dir='ltr'>et</span> <span class='ocrx_word' id='word_1_269' title='bbox 993 2104 1118 2148; x_wconf 78' lang='lat' dir='ltr'>fames,</span> <span class='ocrx_word' id='word_1_270' title='bbox 1147 2117 1164 2134; x_wconf 74' lang='grc' dir='ltr'>«ι</span> <span class='ocrx_word' id='word_1_271' title='bbox 1180 2114 1271 2144; x_wconf 88' lang='grc'>0000,</span> 
     </span>
     <span class='ocr_line' id='line_1_45' title="bbox 309 2157 1271 2206; baseline -0.003 -13"><span class='ocrx_word' id='word_1_272' title='bbox 309 2160 456 2206; x_wconf 85' lang='lat' dir='ltr'>sterilitas</span> <span class='ocrx_word' id='word_1_273' title='bbox 480 2163 583 2193; x_wconf 89' lang='lat' dir='ltr'>terrae</span> <span class='ocrx_word' id='word_1_274' title='bbox 599 2171 634 2199; x_wconf 73' lang='grc' dir='ltr'>»ς</span> <span class='ocrx_word' id='word_1_275' title='bbox 660 2163 866 2203; x_wconf 77' lang='lat' dir='ltr'>terroresque</span> <span class='ocrx_word' id='word_1_276' title='bbox 887 2159 926 2191; x_wconf 84' lang='lat' dir='ltr'>de</span> <span class='ocrx_word' id='word_1_277' title='bbox 942 2158 1047 2197; x_wconf 81' lang='lat' dir='ltr'>eaelo,</span> <span class='ocrx_word' id='word_1_278' title='bbox 1077 2171 1093 2187; x_wconf 71' lang='grc'>«1</span> <span class='ocrx_word' id='word_1_279' title='bbox 1110 2166 1199 2197; x_wconf 85' lang='grc'>0000,</span> <span class='ocrx_word' id='word_1_280' title='bbox 1223 2157 1271 2190; x_wconf 90' lang='lat' dir='ltr'>in-</span> 
     </span>
     <span class='ocr_line' id='line_1_46' title="bbox 309 2212 1272 2256; baseline -0.003 -10"><span class='ocrx_word' id='word_1_281' title='bbox 309 2213 482 2256; x_wconf 78' lang='lat' dir='ltr'>aequalitas</span> <span class='ocrx_word' id='word_1_282' title='bbox 505 2213 589 2246; x_wconf 73' lang='grc'>30115</span> <span class='ocrx_word' id='word_1_283' title='bbox 606 2225 641 2252; x_wconf 73' lang='grc' dir='ltr'>ιι;</span> <span class='ocrx_word' id='word_1_284' title='bbox 666 2216 697 2245; x_wconf 87' lang='lat' dir='ltr'>et</span> <span class='ocrx_word' id='word_1_285' title='bbox 718 2212 818 2255; x_wconf 68' lang='lat' dir='ltr'>siqua</span> <span class='ocrx_word' id='word_1_286' title='bbox 841 2222 970 2255; x_wconf 70' lang='lat' dir='ltr'>maqna</span> <span class='ocrx_word' id='word_1_287' title='bbox 993 2215 1111 2250; x_wconf 74' lang='lat' dir='ltr'>erunt,</span> <span class='ocrx_word' id='word_1_288' title='bbox 1136 2220 1199 2243; x_wconf 88' lang='lat' dir='ltr'>non</span> <span class='ocrx_word' id='word_1_289' title='bbox 1223 2219 1272 2243; x_wconf 92' lang='lat' dir='ltr'>so-</span> 
     </span>
     <span class='ocr_line' id='line_1_47' title="bbox 308 2264 1273 2309; baseline -0.002 -10"><span class='ocrx_word' id='word_1_290' title='bbox 308 2266 374 2299; x_wconf 92' lang='lat' dir='ltr'>lum</span> <span class='ocrx_word' id='word_1_291' title='bbox 399 2266 474 2309; x_wconf 90' lang='lat' dir='ltr'>quia</span> <span class='ocrx_word' id='word_1_292' title='bbox 500 2266 617 2305; x_wconf 84' lang='lat' dir='ltr'>multa,</span> <span class='ocrx_word' id='word_1_293' title='bbox 642 2265 695 2299; x_wconf 88' lang='lat' dir='ltr'>sed</span> <span class='ocrx_word' id='word_1_294' title='bbox 719 2266 811 2299; x_wconf 83' lang='lat' dir='ltr'>etiam</span> <span class='ocrx_word' id='word_1_295' title='bbox 836 2266 911 2308; x_wconf 91' lang='lat' dir='ltr'>quia</span> <span class='ocrx_word' id='word_1_296' title='bbox 933 2264 1066 2298; x_wconf 91' lang='lat' dir='ltr'>insolita.</span> <span class='ocrx_word' id='word_1_297' title='bbox 1092 2282 1134 2289; x_wconf 94' lang='lat'>—</span> <span class='ocrx_word' id='word_1_298' title='bbox 1159 2264 1273 2297; x_wconf 90' lang='lat' dir='ltr'>Huius-</span> 
     </span>
     <span class='ocr_line' id='line_1_48' title="bbox 309 2318 1274 2361; baseline -0.001 -10"><span class='ocrx_word' id='word_1_299' title='bbox 309 2318 392 2351; x_wconf 88' lang='lat' dir='ltr'>modi</span> <span class='ocrx_word' id='word_1_300' title='bbox 423 2322 530 2352; x_wconf 90' lang='lat' dir='ltr'>autem</span> <span class='ocrx_word' id='word_1_301' title='bbox 565 2318 654 2361; x_wconf 88' lang='lat' dir='ltr'>signa</span> <span class='ocrx_word' id='word_1_302' title='bbox 688 2327 801 2361; x_wconf 84' lang='lat' dir='ltr'>magna</span> <span class='ocrx_word' id='word_1_303' title='bbox 835 2321 866 2352; x_wconf 87' lang='lat' dir='ltr'>et</span> <span class='ocrx_word' id='word_1_304' title='bbox 894 2318 996 2351; x_wconf 86' lang='lat' dir='ltr'>multa</span> <span class='ocrx_word' id='word_1_305' title='bbox 1031 2320 1274 2360; x_wconf 88' lang='lat' dir='ltr'>praecesserunt</span> 
     </span>
     <span class='ocr_line' id='line_1_49' title="bbox 309 2371 1274 2414; baseline -0.002 -9"><span class='ocrx_word' id='word_1_306' title='bbox 309 2372 504 2405; x_wconf 87' lang='lat' dir='ltr'>eversionem</span> <span class='ocrx_word' id='word_1_307' title='bbox 536 2372 817 2414; x_wconf 88' lang='lat' dir='ltr'>lerosolymorum‚</span> <span class='ocrx_word' id='word_1_308' title='bbox 843 2372 1017 2405; x_wconf 91' lang='lat' dir='ltr'>secundum</span> <span class='ocrx_word' id='word_1_309' title='bbox 1047 2371 1133 2414; x_wconf 91' lang='lat' dir='ltr'>quod</span> <span class='ocrx_word' id='word_1_310' title='bbox 1164 2374 1274 2404; x_wconf 88' lang='lat' dir='ltr'>narrat</span> 
     </span>
     <span class='ocr_line' id='line_1_50' title="bbox 304 2425 1273 2468; baseline -0.001 -10"><span class='ocrx_word' id='word_1_311' title='bbox 304 2425 459 2468; x_wconf 43' lang='lat' dir='ltr'>,Iosephus</span> <span class='ocrx_word' id='word_1_312' title='bbox 471 2425 495 2464; x_wconf 73' lang='lat'>⁶,</span> <span class='ocrx_word' id='word_1_313' title='bbox 512 2425 567 2467; x_wconf 93' lang='lat' dir='ltr'>qui</span> <span class='ocrx_word' id='word_1_314' title='bbox 583 2425 672 2464; x_wconf 89' lang='lat' dir='ltr'>dicit,</span> <span class='ocrx_word' id='word_1_315' title='bbox 702 2438 717 2454; x_wconf 72' lang='grc' dir='ltr'>(ι</span> <span class='ocrx_word' id='word_1_316' title='bbox 734 2425 855 2458; x_wconf 82' lang='lat' dir='ltr'>stellam</span> <span class='ocrx_word' id='word_1_317' title='bbox 872 2425 974 2467; x_wconf 85' lang='lat' dir='ltr'>gladio</span> <span class='ocrx_word' id='word_1_318' title='bbox 990 2425 1124 2458; x_wconf 88' lang='lat' dir='ltr'>similem</span> <span class='ocrx_word' id='word_1_319' title='bbox 1145 2433 1202 2467; x_wconf 90' lang='lat' dir='ltr'>per</span> <span class='ocrx_word' id='word_1_320' title='bbox 1218 2434 1273 2457; x_wconf 91' lang='lat' dir='ltr'>an-</span> 
     </span>
     <span class='ocr_line' id='line_1_51' title="bbox 310 2478 1274 2521; baseline 0 -10"><span class='ocrx_word' id='word_1_321' title='bbox 310 2487 387 2512; x_wconf 90' lang='lat' dir='ltr'>num</span> <span class='ocrx_word' id='word_1_322' title='bbox 410 2487 508 2520; x_wconf 89' lang='lat' dir='ltr'>supra</span> <span class='ocrx_word' id='word_1_323' title='bbox 532 2478 700 2512; x_wconf 84' lang='lat' dir='ltr'>Ierusalem</span> <span class='ocrx_word' id='word_1_324' title='bbox 725 2478 927 2521; x_wconf 88' lang='lat' dir='ltr'>pependisse,</span> <span class='ocrx_word' id='word_1_325' title='bbox 944 2482 975 2512; x_wconf 90' lang='lat' dir='ltr'>et</span> <span class='ocrx_word' id='word_1_326' title='bbox 998 2487 1115 2512; x_wconf 89' lang='lat' dir='ltr'>currus</span> <span class='ocrx_word' id='word_1_327' title='bbox 1138 2482 1169 2513; x_wconf 86' lang='lat' dir='ltr'>et</span> <span class='ocrx_word' id='word_1_328' title='bbox 1184 2478 1274 2521; x_wconf 90' lang='lat' dir='ltr'>equi-</span> 
     </span>
     <span class='ocr_line' id='line_1_52' title="bbox 310 2531 1274 2574; baseline 0 -10"><span class='ocrx_word' id='word_1_329' title='bbox 310 2534 357 2565; x_wconf 89' lang='lat' dir='ltr'>tes</span> <span class='ocrx_word' id='word_1_330' title='bbox 379 2535 517 2564; x_wconf 88' lang='lat' dir='ltr'>armatos</span> <span class='ocrx_word' id='word_1_331' title='bbox 537 2531 745 2574; x_wconf 87' lang='lat' dir='ltr'>quadraginta</span> <span class='ocrx_word' id='word_1_332' title='bbox 760 2531 871 2564; x_wconf 89' lang='lat' dir='ltr'>diebus</span> <span class='ocrx_word' id='word_1_333' title='bbox 890 2531 922 2563; x_wconf 91' lang='lat' dir='ltr'>in</span> <span class='ocrx_word' id='word_1_334' title='bbox 946 2532 1019 2565; x_wconf 75' lang='lat' dir='ltr'>aere</span> <span class='ocrx_word' id='word_1_335' title='bbox 1038 2531 1225 2570; x_wconf 89' lang='lat' dir='ltr'>debellasse,</span> <span class='ocrx_word' id='word_1_336' title='bbox 1243 2534 1274 2564; x_wconf 91' lang='lat' dir='ltr'>et</span> 
     </span>
     <span class='ocr_line' id='line_1_53' title="bbox 310 2584 1272 2626; baseline 0 -9"><span class='ocrx_word' id='word_1_337' title='bbox 310 2584 442 2617; x_wconf 89' lang='lat' dir='ltr'>vitulam</span> <span class='ocrx_word' id='word_1_338' title='bbox 458 2584 541 2617; x_wconf 90' lang='lat' dir='ltr'>inter</span> <span class='ocrx_word' id='word_1_339' title='bbox 564 2593 678 2617; x_wconf 85' lang='lat' dir='ltr'>manus</span> <span class='ocrx_word' id='word_1_340' title='bbox 694 2584 923 2617; x_wconf 87' lang='lat' dir='ltr'>immolantium</span> <span class='ocrx_word' id='word_1_341' title='bbox 941 2584 1100 2626; x_wconf 89' lang='lat' dir='ltr'>peperisse</span> <span class='ocrx_word' id='word_1_342' title='bbox 1116 2593 1228 2626; x_wconf 88' lang='lat' dir='ltr'>agnam</span> <span class='ocrx_word' id='word_1_343' title='bbox 1242 2597 1272 2616; x_wconf 73' lang='lat' dir='ltr'>n.</span> 
     </span>
     <span class='ocr_line' id='line_1_54' title="bbox 312 2636 1274 2679; baseline 0 -10"><span class='ocrx_word' id='word_1_344' title='bbox 312 2636 348 2669; x_wconf 90' lang='lat' dir='ltr'>Et</span> <span class='ocrx_word' id='word_1_345' title='bbox 370 2637 448 2670; x_wconf 88' lang='lat' dir='ltr'>haec</span> <span class='ocrx_word' id='word_1_346' title='bbox 479 2637 567 2679; x_wconf 87' lang='lat' dir='ltr'>signa</span> <span class='ocrx_word' id='word_1_347' title='bbox 590 2645 703 2679; x_wconf 86' lang='lat' dir='ltr'>magna</span> <span class='ocrx_word' id='word_1_348' title='bbox 734 2640 975 2679; x_wconf 87' lang='lat' dir='ltr'>praecesserunt</span> <span class='ocrx_word' id='word_1_349' title='bbox 999 2637 1194 2670; x_wconf 89' lang='lat' dir='ltr'>eversionem</span> <span class='ocrx_word' id='word_1_350' title='bbox 1226 2645 1274 2670; x_wconf 91' lang='lat' dir='ltr'>se-</span> 
     </span>
    </p>
   </div>
   <div class='ocr_carea' id='block_1_8' title="bbox 312 2849 1273 3503">
    <p class='ocr_par' dir='ltr' id='par_1_9' title="bbox 312 2849 1272 2928">
     <span class='ocr_line' id='line_1_55' title="bbox 383 2849 1272 2887; baseline 0.003 -12"><span class='ocrx_word' id='word_1_351' title='bbox 383 2849 392 2864; x_wconf 86' lang='lat'>¹</span> <span class='ocrx_word' id='word_1_352' title='bbox 414 2851 488 2876; x_wconf 81' lang='lat' dir='ltr'>vers.</span> <span class='ocrx_word' id='word_1_353' title='bbox 508 2851 550 2875; x_wconf 87' lang='grc'>21.</span> <span class='ocrx_word' id='word_1_354' title='bbox 564 2864 599 2869; x_wconf 96' lang='grc'><strong>-</strong></span> <span class='ocrx_word' id='word_1_355' title='bbox 612 2851 721 2887; x_wconf 71' lang='lat' dir='ltr'>Inferius</span> <span class='ocrx_word' id='word_1_356' title='bbox 734 2857 748 2876; x_wconf 86' lang='lat' dir='ltr'>e</span> <span class='ocrx_word' id='word_1_357' title='bbox 768 2850 846 2876; x_wconf 88' lang='lat' dir='ltr'>codd.</span> <span class='ocrx_word' id='word_1_358' title='bbox 860 2851 1043 2883; x_wconf 86' lang='lat' dir='ltr'>supplevimus</span> <span class='ocrx_word' id='word_1_359' title='bbox 1057 2851 1121 2885; x_wconf 81' lang='lat' dir='ltr'>quia</span> <span class='ocrx_word' id='word_1_360' title='bbox 1141 2858 1196 2878; x_wconf 75' lang='lat' dir='ltr'>non</span> <span class='ocrx_word' id='word_1_361' title='bbox 1208 2853 1272 2878; x_wconf 81' lang='lat' dir='ltr'>sunt</span> 
     </span>
     <span class='ocr_line' id='line_1_56' title="bbox 312 2893 884 2928; baseline 0.002 -8"><span class='ocrx_word' id='word_1_362' title='bbox 312 2893 416 2920; x_wconf 71' lang='lat' dir='ltr'>nociva.</span> <span class='ocrx_word' id='word_1_363' title='bbox 436 2894 499 2921; x_wconf 81' lang='lat' dir='ltr'>Non</span> <span class='ocrx_word' id='word_1_364' title='bbox 517 2895 581 2921; x_wconf 82' lang='lat' dir='ltr'>sunt</span> <span class='ocrx_word' id='word_1_365' title='bbox 599 2894 680 2920; x_wconf 81' lang='lat' dir='ltr'>etiam</span> <span class='ocrx_word' id='word_1_366' title='bbox 698 2894 884 2928; x_wconf 81' lang='lat' dir='ltr'>formidanda.</span> 
     </span>
    </p>

    <p class='ocr_par' dir='ltr' id='par_1_10' title="bbox 312 2936 1273 3235">
     <span class='ocr_line' id='line_1_57' title="bbox 385 2936 1272 2972; baseline 0.001 -9"><span class='ocrx_word' id='word_1_367' title='bbox 385 2936 395 2952; x_wconf 84' lang='lat'><strong>²</strong></span> <span class='ocrx_word' id='word_1_368' title='bbox 414 2938 508 2963; x_wconf 87' lang='lat' dir='ltr'>Homil.</span> <span class='ocrx_word' id='word_1_369' title='bbox 529 2937 611 2963; x_wconf 77' lang='grc'>48.111</span> <span class='ocrx_word' id='word_1_370' title='bbox 625 2938 712 2964; x_wconf 74' lang='grc'>11131111.</span> <span class='ocrx_word' id='word_1_371' title='bbox 727 2938 776 2971; x_wconf 77' lang='grc'>24,</span> <span class='ocrx_word' id='word_1_372' title='bbox 797 2938 819 2964; x_wconf 69' lang='lat' dir='ltr'>t.</span> <span class='ocrx_word' id='word_1_373' title='bbox 840 2938 901 2971; x_wconf 88' lang='lat' dir='ltr'>(Op.</span> <span class='ocrx_word' id='word_1_374' title='bbox 914 2938 1085 2972; x_wconf 79' lang='lat' dir='ltr'>imperfect.):</span> <span class='ocrx_word' id='word_1_375' title='bbox 1106 2939 1180 2971; x_wconf 82' lang='lat' dir='ltr'>item,</span> <span class='ocrx_word' id='word_1_376' title='bbox 1194 2938 1216 2964; x_wconf 92' lang='lat' dir='ltr'>si</span> <span class='ocrx_word' id='word_1_377' title='bbox 1228 2946 1272 2965; x_wconf 89' lang='lat' dir='ltr'>vo-</span> 
     </span>
     <span class='ocr_line' id='line_1_58' title="bbox 313 2981 1273 3014; baseline 0.002 -8"><span class='ocrx_word' id='word_1_378' title='bbox 313 2981 439 3007; x_wconf 89' lang='lat' dir='ltr'>luerimus</span> <span class='ocrx_word' id='word_1_379' title='bbox 459 2982 523 3007; x_wconf 85' lang='lat' dir='ltr'>haec</span> <span class='ocrx_word' id='word_1_380' title='bbox 542 2981 617 3014; x_wconf 82' lang='lat' dir='ltr'>signa</span> <span class='ocrx_word' id='word_1_381' title='bbox 637 2985 737 3008; x_wconf 81' lang='lat' dir='ltr'>tantum</span> <span class='ocrx_word' id='word_1_382' title='bbox 758 2982 927 3014; x_wconf 86' lang='lat' dir='ltr'>corporaliter</span> <span class='ocrx_word' id='word_1_383' title='bbox 949 2982 1105 3014; x_wconf 79' lang='lat' dir='ltr'>intelligere,</span> <span class='ocrx_word' id='word_1_384' title='bbox 1125 2989 1176 3008; x_wconf 90' lang='lat' dir='ltr'>non</span> <span class='ocrx_word' id='word_1_385' title='bbox 1196 2983 1273 3014; x_wconf 87' lang='lat' dir='ltr'>pross-</span> 
     </span>
     <span class='ocr_line' id='line_1_59' title="bbox 312 3018 1272 3053; baseline 0.001 -2"><span class='ocrx_word' id='word_1_386' title='bbox 312 3025 384 3051; x_wconf 89' lang='lat' dir='ltr'>ciunt</span> <span class='ocrx_word' id='word_1_387' title='bbox 402 3026 435 3052; x_wconf 88' lang='lat' dir='ltr'>ad</span> <span class='ocrx_word' id='word_1_388' title='bbox 456 3026 689 3052; x_wconf 81' lang='lat' dir='ltr'>manifestationem</span> <span class='ocrx_word' id='word_1_389' title='bbox 709 3018 941 3052; x_wconf 83' lang='lat' dir='ltr'>consummationis</span> <span class='ocrx_word' id='word_1_390' title='bbox 960 3026 1061 3053; x_wconf 88' lang='lat' dir='ltr'>mundi.</span> <span class='ocrx_word' id='word_1_391' title='bbox 1081 3027 1146 3052; x_wconf 87' lang='lat' dir='ltr'>Nam</span> <span class='ocrx_word' id='word_1_392' title='bbox 1165 3029 1190 3052; x_wconf 87' lang='lat' dir='ltr'>et</span> <span class='ocrx_word' id='word_1_393' title='bbox 1206 3026 1272 3052; x_wconf 87' lang='lat' dir='ltr'>bella</span> 
     </span>
     <span class='ocr_line' id='line_1_60' title="bbox 313 3069 1273 3103; baseline 0.001 -8"><span class='ocrx_word' id='word_1_394' title='bbox 313 3070 377 3095; x_wconf 84' lang='lat' dir='ltr'>haec</span> <span class='ocrx_word' id='word_1_395' title='bbox 396 3069 540 3102; x_wconf 87' lang='lat' dir='ltr'>corporalia</span> <span class='ocrx_word' id='word_1_396' title='bbox 560 3076 666 3102; x_wconf 86' lang='lat' dir='ltr'>semper</span> <span class='ocrx_word' id='word_1_397' title='bbox 684 3071 789 3096; x_wconf 81' lang='lat' dir='ltr'>suerunt</span> <span class='ocrx_word' id='word_1_398' title='bbox 807 3073 832 3096; x_wconf 92' lang='lat' dir='ltr'>et</span> <span class='ocrx_word' id='word_1_399' title='bbox 851 3077 955 3103; x_wconf 82' lang='lat' dir='ltr'>semper</span> <span class='ocrx_word' id='word_1_400' title='bbox 974 3074 1063 3102; x_wconf 89' lang='lat' dir='ltr'>erunt,</span> <span class='ocrx_word' id='word_1_401' title='bbox 1083 3074 1109 3097; x_wconf 87' lang='lat' dir='ltr'>et</span> <span class='ocrx_word' id='word_1_402' title='bbox 1127 3072 1209 3097; x_wconf 84' lang='lat' dir='ltr'>sames</span> <span class='ocrx_word' id='word_1_403' title='bbox 1228 3073 1273 3096; x_wconf 91' lang='lat' dir='ltr'>aut</span> 
     </span>
     <span class='ocr_line' id='line_1_61' title="bbox 313 3114 1272 3147; baseline 0 -8"><span class='ocrx_word' id='word_1_404' title='bbox 313 3115 486 3139; x_wconf 83' lang='lat' dir='ltr'>terraemotus</span> <span class='ocrx_word' id='word_1_405' title='bbox 505 3114 623 3140; x_wconf 86' lang='lat' dir='ltr'>carnales</span> <span class='ocrx_word' id='word_1_406' title='bbox 641 3120 747 3145; x_wconf 88' lang='lat' dir='ltr'>semper</span> <span class='ocrx_word' id='word_1_407' title='bbox 763 3115 875 3140; x_wconf 81' lang='lat' dir='ltr'>suerunt.</span> <span class='ocrx_word' id='word_1_408' title='bbox 894 3114 951 3140; x_wconf 87' lang='lat' dir='ltr'>Non</span> <span class='ocrx_word' id='word_1_409' title='bbox 964 3117 1049 3147; x_wconf 87' lang='lat' dir='ltr'>potest</span> <span class='ocrx_word' id='word_1_410' title='bbox 1067 3117 1155 3140; x_wconf 91' lang='lat' dir='ltr'>autem</span> <span class='ocrx_word' id='word_1_411' title='bbox 1175 3122 1232 3141; x_wconf 88' lang='lat' dir='ltr'>esse</span> <span class='ocrx_word' id='word_1_412' title='bbox 1245 3115 1272 3140; x_wconf 88' lang='lat' dir='ltr'>in</span> 
     </span>
     <span class='ocr_line' id='line_1_62' title="bbox 313 3157 1272 3192; baseline 0.002 -9"><span class='ocrx_word' id='word_1_413' title='bbox 313 3157 418 3190; x_wconf 80' lang='lat' dir='ltr'>signum</span> <span class='ocrx_word' id='word_1_414' title='bbox 440 3158 550 3184; x_wconf 84' lang='lat' dir='ltr'>alicuius</span> <span class='ocrx_word' id='word_1_415' title='bbox 568 3158 607 3183; x_wconf 88' lang='lat' dir='ltr'>rei</span> <span class='ocrx_word' id='word_1_416' title='bbox 627 3159 728 3184; x_wconf 78' lang='lat' dir='ltr'>futurae</span> <span class='ocrx_word' id='word_1_417' title='bbox 747 3158 820 3191; x_wconf 90' lang='lat' dir='ltr'>quod</span> <span class='ocrx_word' id='word_1_418' title='bbox 833 3165 938 3191; x_wconf 88' lang='lat' dir='ltr'>semper</span> <span class='ocrx_word' id='word_1_419' title='bbox 957 3159 1004 3185; x_wconf 86' lang='lat' dir='ltr'>suit</span> <span class='ocrx_word' id='word_1_420' title='bbox 1023 3159 1048 3185; x_wconf 92' lang='lat' dir='ltr'>in</span> <span class='ocrx_word' id='word_1_421' title='bbox 1062 3166 1126 3190; x_wconf 86' lang='lat' dir='ltr'>usu;</span> <span class='ocrx_word' id='word_1_422' title='bbox 1140 3159 1186 3185; x_wconf 88' lang='lat' dir='ltr'>sed</span> <span class='ocrx_word' id='word_1_423' title='bbox 1199 3159 1272 3192; x_wconf 92' lang='lat' dir='ltr'>quod</span> 
     </span>
     <span class='ocr_line' id='line_1_63' title="bbox 312 3202 802 3235; baseline 0.002 -8"><span class='ocrx_word' id='word_1_424' title='bbox 312 3209 412 3228; x_wconf 91' lang='lat' dir='ltr'>novum</span> <span class='ocrx_word' id='word_1_425' title='bbox 432 3202 474 3235; x_wconf 76' lang='lat' dir='ltr'>nt,</span> <span class='ocrx_word' id='word_1_426' title='bbox 494 3202 556 3228; x_wconf 89' lang='grc'>1111111</span> <span class='ocrx_word' id='word_1_427' title='bbox 576 3202 671 3228; x_wconf 89' lang='lat' dir='ltr'>dicitur</span> <span class='ocrx_word' id='word_1_428' title='bbox 690 3203 802 3234; x_wconf 84' lang='lat' dir='ltr'>signum.</span> 
     </span>
    </p>

    <p class='ocr_par' dir='ltr' id='par_1_11' title="bbox 383 3244 533 3273">
     <span class='ocr_line' id='line_1_64' title="bbox 383 3244 533 3273; baseline 0.007 -1"><span class='ocrx_word' id='word_1_429' title='bbox 383 3244 395 3261; x_wconf 82' lang='lat'>⁸</span> <span class='ocrx_word' id='word_1_430' title='bbox 415 3247 489 3273; x_wconf 84' lang='lat' dir='ltr'>Vers.</span> <span class='ocrx_word' id='word_1_431' title='bbox 510 3247 533 3273; x_wconf 85' lang='grc'>1.</span> 
     </span>
    </p>

    <p class='ocr_par' dir='ltr' id='par_1_12' title="bbox 316 3289 1271 3366">
     <span class='ocr_line' id='line_1_65' title="bbox 384 3289 1271 3326; baseline 0.003 -10"><span class='ocrx_word' id='word_1_432' title='bbox 384 3289 396 3305; x_wconf 72' lang='lat'>⁶</span> <span class='ocrx_word' id='word_1_433' title='bbox 416 3291 489 3317; x_wconf 64' lang='lat' dir='ltr'>vers.</span> <span class='ocrx_word' id='word_1_434' title='bbox 519 3292 543 3317; x_wconf 69' lang='lat'>1¹.</span> <span class='ocrx_word' id='word_1_435' title='bbox 561 3305 597 3311; x_wconf 93' lang='lat'><strong>—</strong></span> <span class='ocrx_word' id='word_1_436' title='bbox 616 3292 673 3318; x_wconf 91' lang='lat' dir='ltr'>Duo</span> <span class='ocrx_word' id='word_1_437' title='bbox 692 3299 767 3325; x_wconf 83' lang='lat' dir='ltr'>seqq.</span> <span class='ocrx_word' id='word_1_438' title='bbox 786 3292 836 3319; x_wconf 82' lang='lat' dir='ltr'>loci</span> <span class='ocrx_word' id='word_1_439' title='bbox 855 3295 917 3319; x_wconf 91' lang='lat' dir='ltr'>sunt</span> <span class='ocrx_word' id='word_1_440' title='bbox 935 3293 962 3319; x_wconf 90' lang='grc'>11.</span> <span class='ocrx_word' id='word_1_441' title='bbox 982 3292 1041 3319; x_wconf 91' lang='lat' dir='ltr'>Cor.</span> <span class='ocrx_word' id='word_1_442' title='bbox 1060 3293 1091 3326; x_wconf 90' lang='lat'>7,</span> <span class='ocrx_word' id='word_1_443' title='bbox 1111 3293 1136 3320; x_wconf 88' lang='lat'>5.</span> <span class='ocrx_word' id='word_1_444' title='bbox 1150 3296 1175 3319; x_wconf 85' lang='lat' dir='ltr'>et</span> <span class='ocrx_word' id='word_1_445' title='bbox 1200 3293 1271 3319; x_wconf 90' lang='lat' dir='ltr'>loan.</span> 
     </span>
     <span class='ocr_line' id='line_1_66' title="bbox 316 3335 494 3366; baseline 0.017 -7"><span class='ocrx_word' id='word_1_446' title='bbox 316 3335 361 3366; x_wconf 82' lang='grc'>16,</span> <span class='ocrx_word' id='word_1_447' title='bbox 382 3335 426 3361; x_wconf 84' lang='grc'>33.</span> <span class='ocrx_word' id='word_1_448' title='bbox 492 3337 494 3339; x_wconf 85' lang='grc'><strong>’</strong></span> 
     </span>
    </p>

    <p class='ocr_par' dir='ltr' id='par_1_13' title="bbox 384 3377 1065 3413">
     <span class='ocr_line' id='line_1_67' title="bbox 384 3377 1065 3413; baseline 0.004 -9"><span class='ocrx_word' id='word_1_449' title='bbox 384 3377 395 3392; x_wconf 77' lang='lat'>⁶</span> <span class='ocrx_word' id='word_1_450' title='bbox 414 3378 483 3405; x_wconf 88' lang='lat' dir='ltr'>Libr.</span> <span class='ocrx_word' id='word_1_451' title='bbox 502 3379 529 3405; x_wconf 91' lang='grc'>11.</span> <span class='ocrx_word' id='word_1_452' title='bbox 549 3380 642 3406; x_wconf 83' lang='lat' dir='ltr'>Homil.</span> <span class='ocrx_word' id='word_1_453' title='bbox 662 3380 686 3406; x_wconf 90' lang='lat' dir='ltr'>in</span> <span class='ocrx_word' id='word_1_454' title='bbox 707 3381 806 3413; x_wconf 81' lang='lat' dir='ltr'>Evang.</span> <span class='ocrx_word' id='word_1_455' title='bbox 825 3381 915 3407; x_wconf 86' lang='lat' dir='ltr'>homil.</span> <span class='ocrx_word' id='word_1_456' title='bbox 934 3382 976 3407; x_wconf 86' lang='lat'>35.</span> <span class='ocrx_word' id='word_1_457' title='bbox 996 3389 1022 3407; x_wconf 92' lang='grc'>11.</span> <span class='ocrx_word' id='word_1_458' title='bbox 1042 3382 1065 3407; x_wconf 84' lang='grc'>1.</span> 
     </span>
    </p>

    <p class='ocr_par' dir='ltr' id='par_1_14' title="bbox 314 3421 1273 3503">
     <span class='ocr_line' id='line_1_68' title="bbox 384 3421 1273 3459; baseline 0.004 -11"><span class='ocrx_word' id='word_1_459' title='bbox 384 3421 396 3437; x_wconf 72' lang='lat'>⁶</span> <span class='ocrx_word' id='word_1_460' title='bbox 414 3422 484 3449; x_wconf 89' lang='lat' dir='ltr'>Libr.</span> <span class='ocrx_word' id='word_1_461' title='bbox 503 3423 544 3449; x_wconf 93' lang='lat' dir='ltr'>VI.</span> <span class='ocrx_word' id='word_1_462' title='bbox 564 3424 598 3450; x_wconf 86' lang='lat' dir='ltr'>&lt;Ie</span> <span class='ocrx_word' id='word_1_463' title='bbox 616 3424 685 3450; x_wconf 89' lang='lat' dir='ltr'>Bello</span> <span class='ocrx_word' id='word_1_464' title='bbox 704 3425 758 3451; x_wconf 91' lang='lat' dir='ltr'>lud.</span> <span class='ocrx_word' id='word_1_465' title='bbox 778 3432 800 3451; x_wconf 86' lang='lat' dir='ltr'>c.</span> <span class='ocrx_word' id='word_1_466' title='bbox 821 3426 847 3451; x_wconf 92' lang='lat'>5.</span> <span class='ocrx_word' id='word_1_467' title='bbox 865 3432 891 3451; x_wconf 92' lang='lat' dir='ltr'>n.</span> <span class='ocrx_word' id='word_1_468' title='bbox 911 3426 934 3451; x_wconf 89' lang='grc'>3.</span> <span class='ocrx_word' id='word_1_469' title='bbox 956 3426 1087 3452; x_wconf 84' lang='lat' dir='ltr'>Sententia</span> <span class='ocrx_word' id='word_1_470' title='bbox 1113 3426 1214 3459; x_wconf 88' lang='lat' dir='ltr'>losephi</span> <span class='ocrx_word' id='word_1_471' title='bbox 1233 3433 1273 3452; x_wconf 86' lang='lat' dir='ltr'>ex-</span> 
     </span>
     <span class='ocr_line' id='line_1_69' title="bbox 314 3465 1236 3503; baseline 0.005 -12"><span class='ocrx_word' id='word_1_472' title='bbox 314 3465 418 3492; x_wconf 85' lang='lat' dir='ltr'>hibetur</span> <span class='ocrx_word' id='word_1_473' title='bbox 435 3466 526 3493; x_wconf 81' lang='lat' dir='ltr'>verbis</span> <span class='ocrx_word' id='word_1_474' title='bbox 544 3468 650 3494; x_wconf 86' lang='lat' dir='ltr'>Glossae</span> <span class='ocrx_word' id='word_1_475' title='bbox 671 3467 828 3495; x_wconf 79' lang='lat' dir='ltr'>ordinariae</span> <span class='ocrx_word' id='word_1_476' title='bbox 848 3469 888 3502; x_wconf 86' lang='lat' dir='ltr'>(ex</span> <span class='ocrx_word' id='word_1_477' title='bbox 908 3469 989 3503; x_wconf 89' lang='lat' dir='ltr'>Beda)</span> <span class='ocrx_word' id='word_1_478' title='bbox 1005 3470 1030 3496; x_wconf 90' lang='lat' dir='ltr'>in</span> <span class='ocrx_word' id='word_1_479' title='bbox 1050 3470 1113 3496; x_wconf 88' lang='lat' dir='ltr'>Luc.</span> <span class='ocrx_word' id='word_1_480' title='bbox 1131 3470 1174 3502; x_wconf 81' lang='grc'>21,</span> <span class='ocrx_word' id='word_1_481' title='bbox 1195 3471 1236 3496; x_wconf 82' lang='grc'>11.</span> 
     </span>
    </p>
   </div>
   <div class='ocr_carea' id='block_1_9' title="bbox 881 309 1701 345">
    <p class='ocr_par' dir='ltr' id='par_1_15' title="bbox 881 309 1701 345">
     <span class='ocr_line' id='line_1_70' title="bbox 881 309 1701 345; baseline -0.004 0"><span class='ocrx_word' id='word_1_482' title='bbox 881 311 1075 345; x_wconf 76' lang='lat' dir='ltr'>COMMENT.</span> <span class='ocrx_word' id='word_1_483' title='bbox 1099 311 1137 343; x_wconf 95' lang='lat' dir='ltr'>IN</span> <span class='ocrx_word' id='word_1_484' title='bbox 1161 309 1403 343; x_wconf 83' lang='lat' dir='ltr'>EVANGELIUM</span> <span class='ocrx_word' id='word_1_485' title='bbox 1425 310 1544 343; x_wconf 83' lang='lat' dir='ltr'><strong>LUCAE</strong></span> <span class='ocrx_word' id='word_1_486' title='bbox 1569 310 1601 343; x_wconf 92' lang='lat' dir='ltr'>C.</span> <span class='ocrx_word' id='word_1_487' title='bbox 1625 310 1701 342; x_wconf 86' lang='lat' dir='ltr'>XXI.</span> 
     </span>
    </p>
   </div>
   <div class='ocr_carea' id='block_1_10' title="bbox 1333 398 2303 2678">
    <p class='ocr_par' dir='ltr' id='par_1_16' title="bbox 1333 398 2297 813">
     <span class='ocr_line' id='line_1_71' title="bbox 1333 398 2294 441; baseline 0 -10"><span class='ocrx_word' id='word_1_488' title='bbox 1333 398 1467 431; x_wconf 88' lang='lat' dir='ltr'>cundam</span> <span class='ocrx_word' id='word_1_489' title='bbox 1485 398 1672 437; x_wconf 83' lang='lat' dir='ltr'>Ierusalem,</span> <span class='ocrx_word' id='word_1_490' title='bbox 1689 398 1771 431; x_wconf 89' lang='lat' dir='ltr'>sicut</span> <span class='ocrx_word' id='word_1_491' title='bbox 1793 401 2030 441; x_wconf 86' lang='lat' dir='ltr'>praecesserant</span> <span class='ocrx_word' id='word_1_492' title='bbox 2050 398 2294 431; x_wconf 88' lang='lat' dir='ltr'>destructionem</span> 
     </span>
     <span class='ocr_line' id='line_1_72' title="bbox 1333 451 2293 493; baseline 0.001 -9"><span class='ocrx_word' id='word_1_493' title='bbox 1333 451 1439 493; x_wconf 74' lang='lat' dir='ltr'>ipsius·</span> <span class='ocrx_word' id='word_1_494' title='bbox 1455 452 1567 485; x_wconf 85' lang='lat' dir='ltr'>factam</span> <span class='ocrx_word' id='word_1_495' title='bbox 1592 452 1653 485; x_wconf 91' lang='lat' dir='ltr'>sub</span> <span class='ocrx_word' id='word_1_496' title='bbox 1680 452 1849 492; x_wconf 81' lang='lat' dir='ltr'>Antiocho;</span> <span class='ocrx_word' id='word_1_497' title='bbox 1874 452 2004 485; x_wconf 88' lang='lat' dir='ltr'>secundi</span> <span class='ocrx_word' id='word_1_498' title='bbox 2033 452 2293 485; x_wconf 87' lang='lat' dir='ltr'>Machabaeorum</span> 
     </span>
     <span class='ocr_line' id='line_1_73' title="bbox 1333 504 2294 547; baseline 0.001 -10"><span class='ocrx_word' id='word_1_499' title='bbox 1333 504 1488 546; x_wconf 83' lang='lat' dir='ltr'>quinto⁷:</span> <span class='ocrx_word' id='word_1_500' title='bbox 1522 518 1538 533; x_wconf 77' lang='lat'>«</span> <span class='ocrx_word' id='word_1_501' title='bbox 1562 505 1712 547; x_wconf 88' lang='lat' dir='ltr'>Contigit,</span> <span class='ocrx_word' id='word_1_502' title='bbox 1737 514 1794 547; x_wconf 91' lang='lat' dir='ltr'>per</span> <span class='ocrx_word' id='word_1_503' title='bbox 1817 505 2000 538; x_wconf 86' lang='lat' dir='ltr'>universam</span> <span class='ocrx_word' id='word_1_504' title='bbox 2032 505 2294 547; x_wconf 88' lang='lat' dir='ltr'>lerosolymorum</span> 
     </span>
     <span class='ocr_line' id='line_1_74' title="bbox 1333 557 2297 600; baseline 0.001 -11"><span class='ocrx_word' id='word_1_505' title='bbox 1333 557 1492 590; x_wconf 88' lang='lat' dir='ltr'>civitatem</span> <span class='ocrx_word' id='word_1_506' title='bbox 1515 557 1615 591; x_wconf 71' lang='grc'>1111011</span> <span class='ocrx_word' id='word_1_507' title='bbox 1636 558 1748 591; x_wconf 84' lang='lat' dir='ltr'>dlebus</span> <span class='ocrx_word' id='word_1_508' title='bbox 1771 558 1980 600; x_wconf 82' lang='lat' dir='ltr'>quadraginta</span> <span class='ocrx_word' id='word_1_509' title='bbox 2003 567 2060 600; x_wconf 87' lang='lat' dir='ltr'>per</span> <span class='ocrx_word' id='word_1_510' title='bbox 2076 559 2151 591; x_wconf 82' lang='lat' dir='ltr'>aera</span> <span class='ocrx_word' id='word_1_511' title='bbox 2174 558 2297 600; x_wconf 92' lang='lat' dir='ltr'>equites</span> 
     </span>
     <span class='ocr_line' id='line_1_75' title="bbox 1333 610 2297 653; baseline 0.001 -10"><span class='ocrx_word' id='word_1_512' title='bbox 1333 610 1566 650; x_wconf 87' lang='lat' dir='ltr'>discurrentes,</span> <span class='ocrx_word' id='word_1_513' title='bbox 1590 615 1717 644; x_wconf 85' lang='lat' dir='ltr'>auratas</span> <span class='ocrx_word' id='word_1_514' title='bbox 1740 611 1835 644; x_wconf 84' lang='lat' dir='ltr'>stolas</span> <span class='ocrx_word' id='word_1_515' title='bbox 1858 611 2027 650; x_wconf 88' lang='lat' dir='ltr'>habentes,</span> <span class='ocrx_word' id='word_1_516' title='bbox 2051 615 2083 644; x_wconf 91' lang='lat' dir='ltr'>et</span> <span class='ocrx_word' id='word_1_517' title='bbox 2103 611 2297 653; x_wconf 87' lang='lat' dir='ltr'>congressio-</span> 
     </span>
     <span class='ocr_line' id='line_1_76' title="bbox 1333 663 2297 697; baseline 0 -1"><span class='ocrx_word' id='word_1_518' title='bbox 1333 672 1390 697; x_wconf 91' lang='lat' dir='ltr'>nes</span> <span class='ocrx_word' id='word_1_519' title='bbox 1420 663 1489 697; x_wconf 89' lang='lat' dir='ltr'>fieri</span> <span class='ocrx_word' id='word_1_520' title='bbox 1521 664 1665 697; x_wconf 89' lang='lat' dir='ltr'>cominus</span> <span class='ocrx_word' id='word_1_521' title='bbox 1703 667 1735 697; x_wconf 93' lang='lat' dir='ltr'>et</span> <span class='ocrx_word' id='word_1_522' title='bbox 1769 667 1934 697; x_wconf 88' lang='lat' dir='ltr'>scutorum</span> <span class='ocrx_word' id='word_1_523' title='bbox 1965 667 2070 697; x_wconf 90' lang='lat' dir='ltr'>motus</span> <span class='ocrx_word' id='word_1_524' title='bbox 2089 667 2131 697; x_wconf 58' lang='lat' dir='ltr'>‘et</span> <span class='ocrx_word' id='word_1_525' title='bbox 2161 664 2297 697; x_wconf 86' lang='lat' dir='ltr'>telorum</span> 
     </span>
     <span class='ocr_line' id='line_1_77' title="bbox 1334 717 2297 760; baseline 0 -10"><span class='ocrx_word' id='word_1_526' title='bbox 1334 717 1435 750; x_wconf 89' lang='lat' dir='ltr'>iactus</span> <span class='ocrx_word' id='word_1_527' title='bbox 1458 721 1490 750; x_wconf 90' lang='lat' dir='ltr'>et</span> <span class='ocrx_word' id='word_1_528' title='bbox 1512 726 1685 750; x_wconf 87' lang='lat' dir='ltr'>aureorum</span> <span class='ocrx_word' id='word_1_529' title='bbox 1715 717 1912 760; x_wconf 90' lang='lat' dir='ltr'>splendorem</span> <span class='ocrx_word' id='word_1_530' title='bbox 1937 726 2099 750; x_wconf 88' lang='lat' dir='ltr'>armorum</span> <span class='ocrx_word' id='word_1_531' title='bbox 2132 717 2297 760; x_wconf 87' lang='lat' dir='ltr'>omnisque</span> 
     </span>
     <span class='ocr_line' id='line_1_78' title="bbox 1334 770 1701 813; baseline -0.003 -10"><span class='ocrx_word' id='word_1_532' title='bbox 1334 770 1459 813; x_wconf 88' lang='lat' dir='ltr'>generis</span> <span class='ocrx_word' id='word_1_533' title='bbox 1483 770 1653 803; x_wconf 87' lang='lat' dir='ltr'>loricarum</span> <span class='ocrx_word' id='word_1_534' title='bbox 1669 783 1701 802; x_wconf 68' lang='grc' dir='ltr'>ι).</span> 
     </span>
    </p>

    <p class='ocr_par' dir='ltr' id='par_1_17' title="bbox 1334 823 2303 2678">
     <span class='ocr_line' id='line_1_79' title="bbox 1427 823 2298 866; baseline 0 -10"><span class='ocrx_word' id='word_1_535' title='bbox 1427 825 1477 856; x_wconf 91' lang='grc'>17.</span> <span class='ocrx_word' id='word_1_536' title='bbox 1502 824 1582 857; x_wconf 85' lang='grc' dir='ltr'>Η300</span> <span class='ocrx_word' id='word_1_537' title='bbox 1613 823 1815 856; x_wconf 75' lang='lat' dir='ltr'>multiformis</span> <span class='ocrx_word' id='word_1_538' title='bbox 1839 827 1870 856; x_wconf 91' lang='lat' dir='ltr'>et</span> <span class='ocrx_word' id='word_1_539' title='bbox 1900 823 2117 866; x_wconf 89' lang='lat' dir='ltr'>pestilentialis</span> <span class='ocrx_word' id='word_1_540' title='bbox 2140 823 2298 863; x_wconf 89' lang='lat' dir='ltr'>turbatio,</span> 
     </span>
     <span class='ocr_line' id='line_1_80' title="bbox 1334 876 2298 919; baseline -0.001 -9"><span class='ocrx_word' id='word_1_541' title='bbox 1334 877 1407 910; x_wconf 90' lang='lat' dir='ltr'>licet</span> <span class='ocrx_word' id='word_1_542' title='bbox 1430 876 1605 910; x_wconf 89' lang='lat' dir='ltr'>secundum</span> <span class='ocrx_word' id='word_1_543' title='bbox 1633 880 1740 919; x_wconf 87' lang='lat' dir='ltr'>partes</span> <span class='ocrx_word' id='word_1_544' title='bbox 1770 876 1938 919; x_wconf 87' lang='lat' dir='ltr'>aliquando</span> <span class='ocrx_word' id='word_1_545' title='bbox 1963 876 2058 910; x_wconf 83' lang='lat' dir='ltr'>suerit</span> <span class='ocrx_word' id='word_1_546' title='bbox 2088 876 2119 909; x_wconf 91' lang='lat' dir='ltr'>in</span> <span class='ocrx_word' id='word_1_547' title='bbox 2145 876 2298 916; x_wconf 86' lang='lat' dir='ltr'>Ecclesia,</span> 
     </span>
     <span class='ocr_line' id='line_1_81' title="bbox 1335 930 2299 972; baseline -0.001 -9"><span class='ocrx_word' id='word_1_548' title='bbox 1335 930 1417 964; x_wconf 88' lang='lat' dir='ltr'>sicut</span> <span class='ocrx_word' id='word_1_549' title='bbox 1440 930 1611 972; x_wconf 84' lang='lat' dir='ltr'>Gregorius</span> <span class='ocrx_word' id='word_1_550' title='bbox 1627 930 1641 959; x_wconf 64' lang='grc' dir='ltr'><strong>ἓ</strong></span> <span class='ocrx_word' id='word_1_551' title='bbox 1663 933 1790 969; x_wconf 84' lang='grc'>1131131,</span> <span class='ocrx_word' id='word_1_552' title='bbox 1815 930 1906 972; x_wconf 87' lang='lat' dir='ltr'>plene</span> <span class='ocrx_word' id='word_1_553' title='bbox 1931 933 2035 963; x_wconf 85' lang='lat' dir='ltr'>tamen</span> <span class='ocrx_word' id='word_1_554' title='bbox 2058 930 2119 963; x_wconf 89' lang='lat' dir='ltr'>erit</span> <span class='ocrx_word' id='word_1_555' title='bbox 2149 930 2182 962; x_wconf 91' lang='lat' dir='ltr'>in</span> <span class='ocrx_word' id='word_1_556' title='bbox 2212 930 2299 963; x_wconf 89' lang='lat' dir='ltr'>finali</span> 
     </span>
     <span class='ocr_line' id='line_1_82' title="bbox 1335 982 2300 1026; baseline 0 -10"><span class='ocrx_word' id='word_1_557' title='bbox 1335 983 1557 1023; x_wconf 85' lang='lat' dir='ltr'>tribulatione,</span> <span class='ocrx_word' id='word_1_558' title='bbox 1581 993 1645 1026; x_wconf 91' lang='lat' dir='ltr'>qua</span> <span class='ocrx_word' id='word_1_559' title='bbox 1668 983 1871 1023; x_wconf 90' lang='lat' dir='ltr'>imminente,</span> <span class='ocrx_word' id='word_1_560' title='bbox 1887 984 1948 1017; x_wconf 86' lang='lat' dir='ltr'>erit</span> <span class='ocrx_word' id='word_1_561' title='bbox 1969 983 2178 1026; x_wconf 74' lang='lat' dir='ltr'>perturbatio</span> <span class='ocrx_word' id='word_1_562' title='bbox 2196 982 2300 1016; x_wconf 80' lang='lat' dir='ltr'>homi-</span> 
     </span>
     <span class='ocr_line' id='line_1_83' title="bbox 1335 1036 2300 1079; baseline 0 -9"><span class='ocrx_word' id='word_1_563' title='bbox 1335 1047 1417 1070; x_wconf 74' lang='lat' dir='ltr'>num</span> <span class='ocrx_word' id='word_1_564' title='bbox 1450 1041 1481 1070; x_wconf 90' lang='lat' dir='ltr'>et</span> <span class='ocrx_word' id='word_1_565' title='bbox 1512 1037 1755 1070; x_wconf 81' lang='lat' dir='ltr'>elementorum.</span> <span class='ocrx_word' id='word_1_566' title='bbox 1788 1037 1864 1070; x_wconf 90' lang='lat' dir='ltr'>Nam</span> <span class='ocrx_word' id='word_1_567' title='bbox 1897 1037 2094 1079; x_wconf 86' lang='lat' dir='ltr'>perturbatio</span> <span class='ocrx_word' id='word_1_568' title='bbox 2127 1036 2300 1070; x_wconf 73' lang='lat' dir='ltr'>hominum</span> 
     </span>
     <span class='ocr_line' id='line_1_84' title="bbox 1335 1090 2300 1130; baseline 0 -7"><span class='ocrx_word' id='word_1_569' title='bbox 1335 1090 1418 1130; x_wconf 89' lang='lat' dir='ltr'>erit,</span> <span class='ocrx_word' id='word_1_570' title='bbox 1443 1090 1617 1124; x_wconf 90' lang='lat' dir='ltr'>secundum</span> <span class='ocrx_word' id='word_1_571' title='bbox 1649 1090 1727 1123; x_wconf 90' lang='lat' dir='ltr'>illud</span> <span class='ocrx_word' id='word_1_572' title='bbox 1751 1090 1847 1123; x_wconf 89' lang='lat' dir='ltr'>Isaiae</span> <span class='ocrx_word' id='word_1_573' title='bbox 1877 1090 1998 1124; x_wconf 87' lang='lat' dir='ltr'>decimo</span> <span class='ocrx_word' id='word_1_574' title='bbox 2029 1099 2112 1123; x_wconf 86' lang='lat' dir='ltr'>nono</span> <span class='ocrx_word' id='word_1_575' title='bbox 2128 1090 2159 1122; x_wconf 82' lang='lat'>⁹:</span> <span class='ocrx_word' id='word_1_576' title='bbox 2189 1102 2205 1119; x_wconf 76' lang='grc' dir='ltr'>α</span> <span class='ocrx_word' id='word_1_577' title='bbox 2221 1090 2300 1123; x_wconf 92' lang='lat' dir='ltr'>Con-</span> 
     </span>
     <span class='ocr_line' id='line_1_85' title="bbox 1336 1143 2300 1186; baseline 0 -10"><span class='ocrx_word' id='word_1_578' title='bbox 1336 1152 1469 1177; x_wconf 87' lang='lat' dir='ltr'>currere</span> <span class='ocrx_word' id='word_1_579' title='bbox 1492 1143 1603 1177; x_wconf 82' lang='lat' dir='ltr'>saciam</span> <span class='ocrx_word' id='word_1_580' title='bbox 1627 1143 1792 1186; x_wconf 85' lang='lat' dir='ltr'>Aegyptios</span> <span class='ocrx_word' id='word_1_581' title='bbox 1815 1143 1969 1177; x_wconf 88' lang='lat' dir='ltr'>adversus</span> <span class='ocrx_word' id='word_1_582' title='bbox 1991 1143 2170 1185; x_wconf 86' lang='lat' dir='ltr'>Aegyptios,</span> <span class='ocrx_word' id='word_1_583' title='bbox 2194 1146 2225 1176; x_wconf 91' lang='lat' dir='ltr'>et</span> <span class='ocrx_word' id='word_1_584' title='bbox 2241 1152 2300 1185; x_wconf 93' lang='lat' dir='ltr'>pu-</span> 
     </span>
     <span class='ocr_line' id='line_1_86' title="bbox 1336 1197 2301 1239; baseline 0 -9"><span class='ocrx_word' id='word_1_585' title='bbox 1336 1197 1443 1239; x_wconf 86' lang='lat' dir='ltr'>gnabit</span> <span class='ocrx_word' id='word_1_586' title='bbox 1466 1197 1515 1230; x_wconf 91' lang='lat' dir='ltr'>vir</span> <span class='ocrx_word' id='word_1_587' title='bbox 1540 1201 1651 1230; x_wconf 89' lang='lat' dir='ltr'>contra</span> <span class='ocrx_word' id='word_1_588' title='bbox 1673 1197 1804 1230; x_wconf 79' lang='lat' dir='ltr'>fratrem</span> <span class='ocrx_word' id='word_1_589' title='bbox 1828 1207 1923 1230; x_wconf 92' lang='lat' dir='ltr'>suum</span> <span class='ocrx_word' id='word_1_590' title='bbox 1954 1201 1986 1231; x_wconf 91' lang='lat' dir='ltr'>et</span> <span class='ocrx_word' id='word_1_591' title='bbox 2009 1198 2058 1231; x_wconf 92' lang='lat' dir='ltr'>vir</span> <span class='ocrx_word' id='word_1_592' title='bbox 2090 1200 2201 1231; x_wconf 85' lang='lat' dir='ltr'>contra</span> <span class='ocrx_word' id='word_1_593' title='bbox 2223 1197 2301 1230; x_wconf 89' lang='lat' dir='ltr'>ami-</span> 
     </span>
     <span class='ocr_line' id='line_1_87' title="bbox 1336 1250 2301 1293; baseline 0.001 -10"><span class='ocrx_word' id='word_1_594' title='bbox 1336 1260 1408 1284; x_wconf 89' lang='lat' dir='ltr'>cum</span> <span class='ocrx_word' id='word_1_595' title='bbox 1433 1260 1529 1284; x_wconf 91' lang='lat' dir='ltr'>suum</span> <span class='ocrx_word' id='word_1_596' title='bbox 1552 1254 1584 1283; x_wconf 91' lang='lat' dir='ltr'>et</span> <span class='ocrx_word' id='word_1_597' title='bbox 1607 1251 1717 1284; x_wconf 88' lang='lat' dir='ltr'>civitas</span> <span class='ocrx_word' id='word_1_598' title='bbox 1744 1250 1897 1284; x_wconf 88' lang='lat' dir='ltr'>adversus</span> <span class='ocrx_word' id='word_1_599' title='bbox 1923 1251 2079 1284; x_wconf 88' lang='lat' dir='ltr'>civitatem</span> <span class='ocrx_word' id='word_1_600' title='bbox 2109 1254 2140 1284; x_wconf 92' lang='lat' dir='ltr'>et</span> <span class='ocrx_word' id='word_1_601' title='bbox 2167 1260 2301 1293; x_wconf 88' lang='lat' dir='ltr'>regnum</span> 
     </span>
     <span class='ocr_line' id='line_1_88' title="bbox 1335 1303 2302 1346; baseline 0 -10"><span class='ocrx_word' id='word_1_602' title='bbox 1335 1303 1488 1337; x_wconf 87' lang='lat' dir='ltr'>adversus</span> <span class='ocrx_word' id='word_1_603' title='bbox 1520 1312 1653 1346; x_wconf 91' lang='lat' dir='ltr'>regnum</span> <span class='ocrx_word' id='word_1_604' title='bbox 1671 1316 1709 1343; x_wconf 71' lang='grc' dir='ltr'>»ς</span> <span class='ocrx_word' id='word_1_605' title='bbox 1734 1307 1766 1337; x_wconf 89' lang='lat' dir='ltr'>et</span> <span class='ocrx_word' id='word_1_606' title='bbox 1797 1303 1966 1337; x_wconf 88' lang='lat' dir='ltr'>Zachariae</span> <span class='ocrx_word' id='word_1_607' title='bbox 1997 1306 2124 1337; x_wconf 89' lang='lat' dir='ltr'>octavo:</span> <span class='ocrx_word' id='word_1_608' title='bbox 2154 1317 2170 1333; x_wconf 87' lang='lat'>«</span> <span class='ocrx_word' id='word_1_609' title='bbox 2190 1303 2302 1337; x_wconf 85' lang='lat' dir='ltr'>Dimisi</span> 
     </span>
     <span class='ocr_line' id='line_1_89' title="bbox 1335 1357 2300 1400; baseline 0.001 -11"><span class='ocrx_word' id='word_1_610' title='bbox 1335 1366 1444 1390; x_wconf 88' lang='lat' dir='ltr'>omnes</span> <span class='ocrx_word' id='word_1_611' title='bbox 1479 1357 1641 1397; x_wconf 87' lang='lat' dir='ltr'>homines,</span> <span class='ocrx_word' id='word_1_612' title='bbox 1676 1366 1938 1400; x_wconf 88' lang='lat' dir='ltr'>unumquemque</span> <span class='ocrx_word' id='word_1_613' title='bbox 1974 1360 2084 1390; x_wconf 86' lang='lat' dir='ltr'>contra</span> <span class='ocrx_word' id='word_1_614' title='bbox 2116 1357 2300 1400; x_wconf 88' lang='lat' dir='ltr'>proximum</span> 
     </span>
     <span class='ocr_line' id='line_1_90' title="bbox 1336 1411 2301 1453; baseline 0.001 -10"><span class='ocrx_word' id='word_1_615' title='bbox 1336 1419 1430 1443; x_wconf 90' lang='lat' dir='ltr'>suum</span> <span class='ocrx_word' id='word_1_616' title='bbox 1448 1424 1479 1443; x_wconf 84' lang='lat'>».</span> <span class='ocrx_word' id='word_1_617' title='bbox 1504 1411 1565 1444; x_wconf 86' lang='lat' dir='ltr'>Nec</span> <span class='ocrx_word' id='word_1_618' title='bbox 1589 1414 1712 1444; x_wconf 86' lang='lat' dir='ltr'>tantum</span> <span class='ocrx_word' id='word_1_619' title='bbox 1735 1411 1796 1444; x_wconf 91' lang='lat' dir='ltr'>erit</span> <span class='ocrx_word' id='word_1_620' title='bbox 1812 1411 2011 1453; x_wconf 88' lang='lat' dir='ltr'>perturbatio</span> <span class='ocrx_word' id='word_1_621' title='bbox 2039 1411 2223 1451; x_wconf 82' lang='lat' dir='ltr'>hominum,</span> <span class='ocrx_word' id='word_1_622' title='bbox 2248 1419 2301 1444; x_wconf 88' lang='lat' dir='ltr'>ve-</span> 
     </span>
     <span class='ocr_line' id='line_1_91' title="bbox 1336 1464 2301 1507; baseline 0.002 -11"><span class='ocrx_word' id='word_1_623' title='bbox 1336 1472 1408 1496; x_wconf 92' lang='lat' dir='ltr'>rum</span> <span class='ocrx_word' id='word_1_624' title='bbox 1433 1464 1527 1497; x_wconf 88' lang='lat' dir='ltr'>etiam</span> <span class='ocrx_word' id='word_1_625' title='bbox 1551 1464 1791 1497; x_wconf 78' lang='lat' dir='ltr'>elementorum.</span> <span class='ocrx_word' id='word_1_626' title='bbox 1818 1464 1903 1498; x_wconf 90' lang='lat' dir='ltr'>Unde</span> <span class='ocrx_word' id='word_1_627' title='bbox 1920 1464 2090 1507; x_wconf 83' lang='lat' dir='ltr'>Gregorius</span> <span class='ocrx_word' id='word_1_628' title='bbox 2104 1465 2147 1497; x_wconf 86' lang='lat'>¹⁰:</span> <span class='ocrx_word' id='word_1_629' title='bbox 2178 1478 2194 1494; x_wconf 91' lang='lat'>«</span> <span class='ocrx_word' id='word_1_630' title='bbox 2211 1464 2301 1498; x_wconf 89' lang='lat' dir='ltr'>Prius</span> 
     </span>
     <span class='ocr_line' id='line_1_92' title="bbox 1337 1517 2300 1560; baseline 0.002 -10"><span class='ocrx_word' id='word_1_631' title='bbox 1337 1517 1433 1553; x_wconf 81' lang='lat' dir='ltr'>corda</span> <span class='ocrx_word' id='word_1_632' title='bbox 1455 1517 1620 1551; x_wconf 89' lang='lat' dir='ltr'>hominum</span> <span class='ocrx_word' id='word_1_633' title='bbox 1644 1521 1675 1550; x_wconf 89' lang='lat' dir='ltr'>et</span> <span class='ocrx_word' id='word_1_634' title='bbox 1706 1522 1777 1560; x_wconf 88' lang='lat' dir='ltr'>post</span> <span class='ocrx_word' id='word_1_635' title='bbox 1800 1518 1954 1552; x_wconf 90' lang='lat' dir='ltr'>elementa</span> <span class='ocrx_word' id='word_1_636' title='bbox 1978 1519 2213 1558; x_wconf 86' lang='lat' dir='ltr'>turbabuntur,</span> <span class='ocrx_word' id='word_1_637' title='bbox 2244 1522 2300 1558; x_wconf 89' lang='lat' dir='ltr'>ut,</span> 
     </span>
     <span class='ocr_line' id='line_1_93' title="bbox 1337 1571 2302 1614; baseline 0.002 -11"><span class='ocrx_word' id='word_1_638' title='bbox 1337 1579 1411 1604; x_wconf 90' lang='lat' dir='ltr'>cum</span> <span class='ocrx_word' id='word_1_639' title='bbox 1434 1579 1545 1604; x_wconf 89' lang='lat' dir='ltr'>rerum</span> <span class='ocrx_word' id='word_1_640' title='bbox 1568 1571 1646 1604; x_wconf 91' lang='lat' dir='ltr'>ordo</span> <span class='ocrx_word' id='word_1_641' title='bbox 1670 1571 1892 1611; x_wconf 88' lang='lat' dir='ltr'>confunditur,</span> <span class='ocrx_word' id='word_1_642' title='bbox 1916 1581 1957 1605; x_wconf 80' lang='lat' dir='ltr'>ex</span> <span class='ocrx_word' id='word_1_643' title='bbox 1985 1581 2049 1614; x_wconf 90' lang='lat' dir='ltr'>qua</span> <span class='ocrx_word' id='word_1_644' title='bbox 2080 1581 2115 1605; x_wconf 92' lang='lat' dir='ltr'>re</span> <span class='ocrx_word' id='word_1_645' title='bbox 2139 1572 2302 1605; x_wconf 84' lang='lat' dir='ltr'>tribulatio</span> 
     </span>
     <span class='ocr_line' id='line_1_94' title="bbox 1337 1624 2300 1668; baseline 0.002 -12"><span class='ocrx_word' id='word_1_646' title='bbox 1337 1624 1459 1663; x_wconf 88' lang='lat' dir='ltr'>veniat,</span> <span class='ocrx_word' id='word_1_647' title='bbox 1491 1627 1734 1657; x_wconf 85' lang='lat' dir='ltr'>monstretur».</span> <span class='ocrx_word' id='word_1_648' title='bbox 1760 1625 1990 1658; x_wconf 89' lang='lat' dir='ltr'>Turbabuntur</span> <span class='ocrx_word' id='word_1_649' title='bbox 2021 1634 2097 1668; x_wconf 88' lang='lat' dir='ltr'>ergo</span> <span class='ocrx_word' id='word_1_650' title='bbox 2128 1625 2300 1665; x_wconf 84' lang='lat' dir='ltr'>elementa,</span> 
     </span>
     <span class='ocr_line' id='line_1_95' title="bbox 1338 1677 2302 1721; baseline 0.002 -11"><span class='ocrx_word' id='word_1_651' title='bbox 1338 1677 1513 1711; x_wconf 88' lang='lat' dir='ltr'>secundum</span> <span class='ocrx_word' id='word_1_652' title='bbox 1548 1677 1626 1711; x_wconf 91' lang='lat' dir='ltr'>illud</span> <span class='ocrx_word' id='word_1_653' title='bbox 1662 1678 1756 1711; x_wconf 86' lang='lat' dir='ltr'>Isaiae</span> <span class='ocrx_word' id='word_1_654' title='bbox 1790 1678 1940 1721; x_wconf 86' lang='lat' dir='ltr'>vigesimo</span> <span class='ocrx_word' id='word_1_655' title='bbox 1964 1682 2078 1721; x_wconf 86' lang='lat' dir='ltr'>quarto</span> <span class='ocrx_word' id='word_1_656' title='bbox 2097 1680 2143 1711; x_wconf 82' lang='lat'>¹¹:</span> <span class='ocrx_word' id='word_1_657' title='bbox 2173 1691 2189 1708; x_wconf 77' lang='grc' dir='ltr'><em>α</em></span> <span class='ocrx_word' id='word_1_658' title='bbox 2213 1679 2302 1712; x_wconf 87' lang='lat' dir='ltr'>Cata-</span> 
     </span>
     <span class='ocr_line' id='line_1_96' title="bbox 1337 1731 2303 1774; baseline 0.001 -10"><span class='ocrx_word' id='word_1_659' title='bbox 1337 1734 1442 1764; x_wconf 90' lang='lat' dir='ltr'>ractae</span> <span class='ocrx_word' id='word_1_660' title='bbox 1465 1731 1504 1764; x_wconf 91' lang='lat' dir='ltr'>de</span> <span class='ocrx_word' id='word_1_661' title='bbox 1527 1731 1662 1765; x_wconf 87' lang='lat' dir='ltr'>excelsis</span> <span class='ocrx_word' id='word_1_662' title='bbox 1677 1734 1805 1774; x_wconf 88' lang='lat' dir='ltr'>apertae</span> <span class='ocrx_word' id='word_1_663' title='bbox 1829 1735 1918 1771; x_wconf 86' lang='lat' dir='ltr'>sunt,</span> <span class='ocrx_word' id='word_1_664' title='bbox 1939 1735 1970 1765; x_wconf 88' lang='lat' dir='ltr'>et</span> <span class='ocrx_word' id='word_1_665' title='bbox 1993 1732 2214 1765; x_wconf 89' lang='lat' dir='ltr'>concutientur</span> <span class='ocrx_word' id='word_1_666' title='bbox 2230 1732 2303 1765; x_wconf 88' lang='lat' dir='ltr'>sun-</span> 
     </span>
     <span class='ocr_line' id='line_1_97' title="bbox 1336 1784 2300 1828; baseline 0 -11"><span class='ocrx_word' id='word_1_667' title='bbox 1336 1784 1484 1818; x_wconf 88' lang='lat' dir='ltr'>damenta</span> <span class='ocrx_word' id='word_1_668' title='bbox 1500 1788 1613 1818; x_wconf 86' lang='lat' dir='ltr'>terrae.</span> <span class='ocrx_word' id='word_1_669' title='bbox 1632 1785 1850 1818; x_wconf 79' lang='lat' dir='ltr'>Confractione</span> <span class='ocrx_word' id='word_1_670' title='bbox 1866 1785 2083 1828; x_wconf 84' lang='lat' dir='ltr'>confringetur</span> <span class='ocrx_word' id='word_1_671' title='bbox 2105 1790 2191 1819; x_wconf 89' lang='lat' dir='ltr'>terra</span> <span class='ocrx_word' id='word_1_672' title='bbox 2204 1799 2220 1815; x_wconf 74' lang='lat'>1&gt;</span> <span class='ocrx_word' id='word_1_673' title='bbox 2241 1790 2300 1819; x_wconf 88' lang='lat' dir='ltr'>etc.</span> 
     </span>
     <span class='ocr_line' id='line_1_98' title="bbox 1337 1837 2302 1880; baseline 0.001 -10"><span class='ocrx_word' id='word_1_674' title='bbox 1337 1837 1374 1870; x_wconf 91' lang='lat' dir='ltr'>Et</span> <span class='ocrx_word' id='word_1_675' title='bbox 1397 1837 1569 1879; x_wconf 84' lang='lat' dir='ltr'>Gregorius</span> <span class='ocrx_word' id='word_1_676' title='bbox 1583 1838 1627 1870; x_wconf 82' lang='lat'>¹²:</span> <span class='ocrx_word' id='word_1_677' title='bbox 1657 1850 1672 1867; x_wconf 81' lang='grc' dir='ltr'>α</span> <span class='ocrx_word' id='word_1_678' title='bbox 1690 1837 1820 1877; x_wconf 85' lang='grc'>01111113,</span> <span class='ocrx_word' id='word_1_679' title='bbox 1844 1846 1926 1880; x_wconf 86' lang='lat' dir='ltr'>quae</span> <span class='ocrx_word' id='word_1_680' title='bbox 1941 1837 1980 1870; x_wconf 89' lang='lat' dir='ltr'>ad</span> <span class='ocrx_word' id='word_1_681' title='bbox 1997 1846 2092 1871; x_wconf 90' lang='lat' dir='ltr'>usum</span> <span class='ocrx_word' id='word_1_682' title='bbox 2108 1838 2191 1871; x_wconf 87' lang='lat' dir='ltr'>vitae</span> <span class='ocrx_word' id='word_1_683' title='bbox 2214 1846 2302 1871; x_wconf 89' lang='grc'>3000-</span> 
     </span>
     <span class='ocr_line' id='line_1_99' title="bbox 1336 1890 2303 1934; baseline 0.001 -11"><span class='ocrx_word' id='word_1_684' title='bbox 1336 1890 1459 1932; x_wconf 87' lang='lat' dir='ltr'>pimus,</span> <span class='ocrx_word' id='word_1_685' title='bbox 1484 1891 1638 1926; x_wconf 89' lang='lat' dir='ltr'>vertimus</span> <span class='ocrx_word' id='word_1_686' title='bbox 1662 1891 1693 1924; x_wconf 90' lang='lat' dir='ltr'>in</span> <span class='ocrx_word' id='word_1_687' title='bbox 1725 1891 1872 1934; x_wconf 88' lang='lat' dir='ltr'>culpam:</span> <span class='ocrx_word' id='word_1_688' title='bbox 1897 1891 2157 1933; x_wconf 87' lang='lat' dir='ltr'>tranquillitatem</span> <span class='ocrx_word' id='word_1_689' title='bbox 2190 1892 2303 1924; x_wconf 89' lang='lat' dir='ltr'>huma-</span> 
     </span>
     <span class='ocr_line' id='line_1_100' title="bbox 1335 1944 2302 1987; baseline 0.002 -11"><span class='ocrx_word' id='word_1_690' title='bbox 1335 1953 1395 1977; x_wconf 86' lang='lat' dir='ltr'>nae</span> <span class='ocrx_word' id='word_1_691' title='bbox 1418 1944 1503 1986; x_wconf 90' lang='lat' dir='ltr'>pacis</span> <span class='ocrx_word' id='word_1_692' title='bbox 1527 1944 1558 1977; x_wconf 89' lang='lat' dir='ltr'>in</span> <span class='ocrx_word' id='word_1_693' title='bbox 1583 1944 1804 1984; x_wconf 86' lang='lat' dir='ltr'>securitatem,</span> <span class='ocrx_word' id='word_1_694' title='bbox 1836 1944 2119 1987; x_wconf 85' lang='lat' dir='ltr'>peregrinationem</span> <span class='ocrx_word' id='word_1_695' title='bbox 2144 1945 2212 1978; x_wconf 88' lang='lat' dir='ltr'>viae</span> <span class='ocrx_word' id='word_1_696' title='bbox 2243 1954 2302 1987; x_wconf 90' lang='lat' dir='ltr'>pro</span> 
     </span>
     <span class='ocr_line' id='line_1_101' title="bbox 1336 1997 2302 2041; baseline 0.001 -11"><span class='ocrx_word' id='word_1_697' title='bbox 1336 1997 1529 2031; x_wconf 89' lang='lat' dir='ltr'>habitatione</span> <span class='ocrx_word' id='word_1_698' title='bbox 1552 1997 1724 2031; x_wconf 89' lang='lat' dir='ltr'>dileximus</span> <span class='ocrx_word' id='word_1_699' title='bbox 1746 1998 1883 2040; x_wconf 88' lang='lat' dir='ltr'>patriae,</span> <span class='ocrx_word' id='word_1_700' title='bbox 1908 1998 2041 2031; x_wconf 88' lang='lat' dir='ltr'>salutem</span> <span class='ocrx_word' id='word_1_701' title='bbox 2065 2007 2236 2041; x_wconf 86' lang='lat' dir='ltr'>corporum</span> <span class='ocrx_word' id='word_1_702' title='bbox 2252 2007 2302 2032; x_wconf 93' lang='lat' dir='ltr'>re-</span> 
     </span>
     <span class='ocr_line' id='line_1_102' title="bbox 1336 2050 2301 2093; baseline 0.002 -10"><span class='ocrx_word' id='word_1_703' title='bbox 1336 2050 1480 2093; x_wconf 86' lang='lat' dir='ltr'>degimus</span> <span class='ocrx_word' id='word_1_704' title='bbox 1504 2051 1535 2084; x_wconf 92' lang='lat' dir='ltr'>in</span> <span class='ocrx_word' id='word_1_705' title='bbox 1567 2060 1662 2084; x_wconf 90' lang='lat' dir='ltr'>usum</span> <span class='ocrx_word' id='word_1_706' title='bbox 1689 2051 1859 2092; x_wconf 79' lang='lat' dir='ltr'>vitiorum,</span> <span class='ocrx_word' id='word_1_707' title='bbox 1890 2051 2045 2085; x_wconf 85' lang='lat' dir='ltr'>ubertatis</span> <span class='ocrx_word' id='word_1_708' title='bbox 2077 2051 2301 2085; x_wconf 87' lang='lat' dir='ltr'>abundantiam</span> 
     </span>
     <span class='ocr_line' id='line_1_103' title="bbox 1336 2104 2303 2148; baseline 0.002 -11"><span class='ocrx_word' id='word_1_709' title='bbox 1336 2113 1399 2137; x_wconf 92' lang='lat' dir='ltr'>non</span> <span class='ocrx_word' id='word_1_710' title='bbox 1423 2104 1463 2137; x_wconf 89' lang='lat' dir='ltr'>ad</span> <span class='ocrx_word' id='word_1_711' title='bbox 1487 2105 1704 2138; x_wconf 88' lang='lat' dir='ltr'>necessitatem</span> <span class='ocrx_word' id='word_1_712' title='bbox 1721 2106 1842 2145; x_wconf 89' lang='lat' dir='ltr'>carnis,</span> <span class='ocrx_word' id='word_1_713' title='bbox 1867 2105 1921 2139; x_wconf 90' lang='lat' dir='ltr'>sed</span> <span class='ocrx_word' id='word_1_714' title='bbox 1937 2105 1976 2139; x_wconf 86' lang='lat' dir='ltr'>ad</span> <span class='ocrx_word' id='word_1_715' title='bbox 1999 2106 2238 2148; x_wconf 86' lang='lat' dir='ltr'>perversitatem</span> <span class='ocrx_word' id='word_1_716' title='bbox 2255 2106 2303 2139; x_wconf 94' lang='lat' dir='ltr'>in-</span> 
     </span>
     <span class='ocr_line' id='line_1_104' title="bbox 1337 2157 2303 2201; baseline 0.002 -11"><span class='ocrx_word' id='word_1_717' title='bbox 1337 2157 1489 2190; x_wconf 90' lang='lat' dir='ltr'>torsimus</span> <span class='ocrx_word' id='word_1_718' title='bbox 1512 2158 1698 2200; x_wconf 85' lang='lat' dir='ltr'>voluptatis;</span> <span class='ocrx_word' id='word_1_719' title='bbox 1723 2158 1924 2192; x_wconf 88' lang='lat' dir='ltr'>serenitatem</span> <span class='ocrx_word' id='word_1_720' title='bbox 1956 2159 2039 2192; x_wconf 75' lang='lat' dir='ltr'>aeris</span> <span class='ocrx_word' id='word_1_721' title='bbox 2062 2159 2224 2201; x_wconf 85' lang='lat' dir='ltr'>coegimus</span> <span class='ocrx_word' id='word_1_722' title='bbox 2246 2168 2303 2192; x_wconf 85' lang='lat' dir='ltr'>no-</span> 
     </span>
     <span class='ocr_line' id='line_1_105' title="bbox 1337 2210 2302 2246; baseline 0.002 -3"><span class='ocrx_word' id='word_1_723' title='bbox 1337 2211 1386 2244; x_wconf 91' lang='lat' dir='ltr'>bis</span> <span class='ocrx_word' id='word_1_724' title='bbox 1410 2210 1530 2244; x_wconf 89' lang='lat' dir='ltr'>servire</span> <span class='ocrx_word' id='word_1_725' title='bbox 1561 2211 1601 2244; x_wconf 89' lang='lat' dir='ltr'>ad</span> <span class='ocrx_word' id='word_1_726' title='bbox 1631 2220 1772 2245; x_wconf 90' lang='lat' dir='ltr'>amorem</span> <span class='ocrx_word' id='word_1_727' title='bbox 1804 2215 1950 2245; x_wconf 89' lang='lat' dir='ltr'>terrenae</span> <span class='ocrx_word' id='word_1_728' title='bbox 1973 2212 2197 2245; x_wconf 88' lang='lat' dir='ltr'>delectationis.</span> <span class='ocrx_word' id='word_1_729' title='bbox 2230 2212 2302 2246; x_wconf 89' lang='lat' dir='ltr'>lure</span> 
     </span>
     <span class='ocr_line' id='line_1_106' title="bbox 1338 2264 2303 2307; baseline 0.002 -11"><span class='ocrx_word' id='word_1_730' title='bbox 1338 2273 1414 2306; x_wconf 86' lang='lat' dir='ltr'>ergo</span> <span class='ocrx_word' id='word_1_731' title='bbox 1438 2273 1495 2297; x_wconf 93' lang='lat' dir='ltr'>nos</span> <span class='ocrx_word' id='word_1_732' title='bbox 1518 2264 1623 2297; x_wconf 89' lang='lat' dir='ltr'>omnia</span> <span class='ocrx_word' id='word_1_733' title='bbox 1646 2264 1783 2304; x_wconf 86' lang='lat' dir='ltr'>feriunt,</span> <span class='ocrx_word' id='word_1_734' title='bbox 1808 2268 1862 2304; x_wconf 88' lang='lat' dir='ltr'>ut,</span> <span class='ocrx_word' id='word_1_735' title='bbox 1887 2268 1964 2307; x_wconf 92' lang='lat' dir='ltr'>quot</span> <span class='ocrx_word' id='word_1_736' title='bbox 1991 2265 2023 2297; x_wconf 93' lang='lat' dir='ltr'>in</span> <span class='ocrx_word' id='word_1_737' title='bbox 2047 2265 2165 2298; x_wconf 90' lang='lat' dir='ltr'>mundo</span> <span class='ocrx_word' id='word_1_738' title='bbox 2189 2265 2303 2298; x_wconf 85' lang='lat' dir='ltr'>habui-</span> 
     </span>
     <span class='ocr_line' id='line_1_107' title="bbox 1339 2317 2301 2360; baseline 0 -10"><span class='ocrx_word' id='word_1_739' title='bbox 1339 2326 1411 2350; x_wconf 90' lang='lat' dir='ltr'>mus</span> <span class='ocrx_word' id='word_1_740' title='bbox 1434 2317 1566 2360; x_wconf 85' lang='lat' dir='ltr'>gaudia,</span> <span class='ocrx_word' id='word_1_741' title='bbox 1589 2321 1636 2351; x_wconf 90' lang='lat' dir='ltr'>tot</span> <span class='ocrx_word' id='word_1_742' title='bbox 1667 2317 1868 2360; x_wconf 88' lang='lat' dir='ltr'>postmodum</span> <span class='ocrx_word' id='word_1_743' title='bbox 1893 2318 2067 2351; x_wconf 90' lang='lat' dir='ltr'>sentiamus</span> <span class='ocrx_word' id='word_1_744' title='bbox 2097 2321 2254 2351; x_wconf 88' lang='lat' dir='ltr'>tormenta</span> <span class='ocrx_word' id='word_1_745' title='bbox 2270 2332 2301 2350; x_wconf 74' lang='grc' dir='ltr'>υ.</span> 
     </span>
     <span class='ocr_line' id='line_1_108' title="bbox 1338 2370 2301 2414; baseline 0.001 -11"><span class='ocrx_word' id='word_1_746' title='bbox 1338 2370 1375 2403; x_wconf 86' lang='grc' dir='ltr'>Ε1</span> <span class='ocrx_word' id='word_1_747' title='bbox 1395 2371 1459 2404; x_wconf 81' lang='grc' dir='ltr'>11οο</span> <span class='ocrx_word' id='word_1_748' title='bbox 1482 2370 1610 2414; x_wconf 89' lang='lat' dir='ltr'>quidem</span> <span class='ocrx_word' id='word_1_749' title='bbox 1634 2374 1737 2411; x_wconf 89' lang='lat' dir='ltr'>recte,</span> <span class='ocrx_word' id='word_1_750' title='bbox 1762 2371 1851 2414; x_wconf 86' lang='lat' dir='ltr'>quia,</span> <span class='ocrx_word' id='word_1_751' title='bbox 1876 2371 2051 2413; x_wconf 80' lang='lat' dir='ltr'>Sapientiae</span> <span class='ocrx_word' id='word_1_752' title='bbox 2073 2371 2240 2404; x_wconf 89' lang='lat' dir='ltr'>undecimo</span> <span class='ocrx_word' id='word_1_753' title='bbox 2258 2371 2301 2412; x_wconf 77' lang='lat'>¹⁸,</span> 
     </span>
     <span class='ocr_line' id='line_1_109' title="bbox 1344 2425 2302 2468; baseline 0.002 -12"><span class='ocrx_word' id='word_1_754' title='bbox 1344 2437 1360 2453; x_wconf 83' lang='lat'><strong><em>«</em></strong></span> <span class='ocrx_word' id='word_1_755' title='bbox 1376 2429 1436 2466; x_wconf 88' lang='lat' dir='ltr'>per</span> <span class='ocrx_word' id='word_1_756' title='bbox 1458 2433 1540 2467; x_wconf 87' lang='lat' dir='ltr'>quae</span> <span class='ocrx_word' id='word_1_757' title='bbox 1564 2428 1672 2467; x_wconf 87' lang='lat' dir='ltr'>peccat</span> <span class='ocrx_word' id='word_1_758' title='bbox 1695 2425 1785 2467; x_wconf 91' lang='lat' dir='ltr'>quis,</span> <span class='ocrx_word' id='word_1_759' title='bbox 1803 2434 1859 2468; x_wconf 89' lang='lat' dir='ltr'>per</span> <span class='ocrx_word' id='word_1_760' title='bbox 1883 2425 1961 2458; x_wconf 87' lang='lat' dir='ltr'>haec</span> <span class='ocrx_word' id='word_1_761' title='bbox 1977 2428 2008 2458; x_wconf 89' lang='lat' dir='ltr'>et</span> <span class='ocrx_word' id='word_1_762' title='bbox 2033 2428 2201 2467; x_wconf 86' lang='lat' dir='ltr'>torquetur</span> <span class='ocrx_word' id='word_1_763' title='bbox 2217 2437 2253 2464; x_wconf 82' lang='grc'>»;</span> <span class='ocrx_word' id='word_1_764' title='bbox 2271 2429 2302 2458; x_wconf 83' lang='grc'>01</span> 
     </span>
     <span class='ocr_line' id='line_1_110' title="bbox 1338 2477 2302 2521; baseline 0.001 -11"><span class='ocrx_word' id='word_1_765' title='bbox 1338 2477 1456 2511; x_wconf 89' lang='lat' dir='ltr'>iterum</span> <span class='ocrx_word' id='word_1_766' title='bbox 1484 2478 1659 2520; x_wconf 84' lang='lat' dir='ltr'>Sapientiae</span> <span class='ocrx_word' id='word_1_767' title='bbox 1691 2478 1820 2521; x_wconf 92' lang='lat' dir='ltr'>quinto:</span> <span class='ocrx_word' id='word_1_768' title='bbox 1849 2491 1865 2507; x_wconf 74' lang='grc' dir='ltr'><em>α</em></span> <span class='ocrx_word' id='word_1_769' title='bbox 1883 2478 2035 2521; x_wconf 85' lang='lat' dir='ltr'>Pugnabit</span> <span class='ocrx_word' id='word_1_770' title='bbox 2066 2487 2124 2521; x_wconf 90' lang='lat' dir='ltr'>pro</span> <span class='ocrx_word' id='word_1_771' title='bbox 2155 2487 2192 2511; x_wconf 92' lang='lat' dir='ltr'>eo</span> <span class='ocrx_word' id='word_1_772' title='bbox 2215 2478 2302 2511; x_wconf 90' lang='lat' dir='ltr'>orbis</span> 
     </span>
     <span class='ocr_line' id='line_1_111' title="bbox 1338 2531 2302 2574; baseline 0.001 -10"><span class='ocrx_word' id='word_1_773' title='bbox 1338 2536 1498 2564; x_wconf 88' lang='lat' dir='ltr'>terrarum</span> <span class='ocrx_word' id='word_1_774' title='bbox 1524 2535 1633 2565; x_wconf 88' lang='lat' dir='ltr'>contra</span> <span class='ocrx_word' id='word_1_775' title='bbox 1656 2531 1831 2565; x_wconf 87' lang='lat' dir='ltr'>insensatos</span> <span class='ocrx_word' id='word_1_776' title='bbox 1847 2543 1886 2571; x_wconf 80' lang='lat'>»;</span> <span class='ocrx_word' id='word_1_777' title='bbox 1910 2535 1942 2565; x_wconf 91' lang='lat' dir='ltr'>et</span> <span class='ocrx_word' id='word_1_778' title='bbox 1965 2531 2034 2565; x_wconf 91' lang='lat' dir='ltr'>ideo</span> <span class='ocrx_word' id='word_1_779' title='bbox 2058 2531 2233 2574; x_wconf 85' lang='lat' dir='ltr'>Sapientiae</span> <span class='ocrx_word' id='word_1_780' title='bbox 2248 2531 2302 2565; x_wconf 89' lang='lat' dir='ltr'>de-</span> 
     </span>
     <span class='ocr_line' id='line_1_112' title="bbox 1338 2584 2302 2624; baseline 0 -6"><span class='ocrx_word' id='word_1_781' title='bbox 1338 2584 1419 2617; x_wconf 86' lang='lat' dir='ltr'>cimo</span> <span class='ocrx_word' id='word_1_782' title='bbox 1443 2588 1551 2618; x_wconf 86' lang='lat' dir='ltr'>sexto:</span> <span class='ocrx_word' id='word_1_783' title='bbox 1580 2598 1596 2614; x_wconf 88' lang='lat'>«</span> <span class='ocrx_word' id='word_1_784' title='bbox 1613 2585 1783 2624; x_wconf 88' lang='lat' dir='ltr'>Creatura,</span> <span class='ocrx_word' id='word_1_785' title='bbox 1807 2584 1863 2618; x_wconf 90' lang='lat' dir='ltr'>tibi</span> <span class='ocrx_word' id='word_1_786' title='bbox 1880 2585 2000 2618; x_wconf 86' lang='lat' dir='ltr'>Factori</span> <span class='ocrx_word' id='word_1_787' title='bbox 2023 2584 2221 2624; x_wconf 89' lang='lat' dir='ltr'>deserviens,</span> <span class='ocrx_word' id='word_1_788' title='bbox 2244 2594 2302 2618; x_wconf 85' lang='lat' dir='ltr'>ex—</span> 
     </span>
     <span class='ocr_line' id='line_1_113' title="bbox 1338 2637 2302 2678; baseline 0.001 -8"><span class='ocrx_word' id='word_1_789' title='bbox 1338 2637 1473 2671; x_wconf 89' lang='lat' dir='ltr'>ardescit</span> <span class='ocrx_word' id='word_1_790' title='bbox 1491 2638 1520 2671; x_wconf 90' lang='lat' dir='ltr'>in</span> <span class='ocrx_word' id='word_1_791' title='bbox 1546 2641 1738 2671; x_wconf 87' lang='lat' dir='ltr'>tormentum</span> <span class='ocrx_word' id='word_1_792' title='bbox 1755 2638 1908 2672; x_wconf 88' lang='lat' dir='ltr'>adversus</span> <span class='ocrx_word' id='word_1_793' title='bbox 1929 2638 2077 2678; x_wconf 87' lang='lat' dir='ltr'>iniustos;</span> <span class='ocrx_word' id='word_1_794' title='bbox 2096 2641 2127 2672; x_wconf 90' lang='lat' dir='ltr'>et</span> <span class='ocrx_word' id='word_1_795' title='bbox 2150 2638 2250 2672; x_wconf 92' lang='lat' dir='ltr'>lenior</span> <span class='ocrx_word' id='word_1_796' title='bbox 2266 2638 2302 2671; x_wconf 88' lang='lat' dir='ltr'>fit</span> 
     </span>
    </p>
   </div>
   <div class='ocr_carea' id='block_1_11' title="bbox 1336 2851 2301 3506">
    <p class='ocr_par' dir='ltr' id='par_1_18' title="bbox 1409 2851 1649 2878">
     <span class='ocr_line' id='line_1_114' title="bbox 1409 2851 1649 2878; baseline 0.004 -1"><span class='ocrx_word' id='word_1_797' title='bbox 1409 2851 1419 2866; x_wconf 86' lang='lat'>⁷</span> <span class='ocrx_word' id='word_1_798' title='bbox 1439 2852 1515 2878; x_wconf 83' lang='lat' dir='ltr'>Vers.</span> <span class='ocrx_word' id='word_1_799' title='bbox 1535 2853 1560 2878; x_wconf 96' lang='grc'>2.</span> <span class='ocrx_word' id='word_1_800' title='bbox 1579 2856 1605 2878; x_wconf 83' lang='grc'>01</span> <span class='ocrx_word' id='word_1_801' title='bbox 1625 2853 1649 2878; x_wconf 86' lang='grc'>3.</span> 
     </span>
    </p>

    <p class='ocr_par' dir='ltr' id='par_1_19' title="bbox 1337 2894 2298 2966">
     <span class='ocr_line' id='line_1_115' title="bbox 1407 2894 2298 2929; baseline 0.002 -7"><span class='ocrx_word' id='word_1_802' title='bbox 1407 2894 1419 2910; x_wconf 78' lang='lat'>⁸</span> <span class='ocrx_word' id='word_1_803' title='bbox 1438 2896 1507 2922; x_wconf 89' lang='lat' dir='ltr'>Libr.</span> <span class='ocrx_word' id='word_1_804' title='bbox 1527 2897 1545 2922; x_wconf 92' lang='lat' dir='ltr'>I.</span> <span class='ocrx_word' id='word_1_805' title='bbox 1564 2897 1659 2923; x_wconf 89' lang='lat' dir='ltr'>Ilomil.</span> <span class='ocrx_word' id='word_1_806' title='bbox 1684 2897 1710 2922; x_wconf 89' lang='lat' dir='ltr'>in</span> <span class='ocrx_word' id='word_1_807' title='bbox 1730 2898 1830 2929; x_wconf 78' lang='lat' dir='ltr'>Evang.</span> <span class='ocrx_word' id='word_1_808' title='bbox 1854 2898 1944 2923; x_wconf 86' lang='lat' dir='ltr'>homil.</span> <span class='ocrx_word' id='word_1_809' title='bbox 1968 2898 1989 2923; x_wconf 84' lang='grc'>1.</span> <span class='ocrx_word' id='word_1_810' title='bbox 2019 2905 2043 2923; x_wconf 87' lang='grc'>11.</span> <span class='ocrx_word' id='word_1_811' title='bbox 2067 2898 2088 2923; x_wconf 88' lang='grc'>1.</span> <span class='ocrx_word' id='word_1_812' title='bbox 2114 2901 2139 2924; x_wconf 84' lang='grc'>01</span> <span class='ocrx_word' id='word_1_813' title='bbox 2158 2899 2185 2924; x_wconf 92' lang='grc'>11.</span> <span class='ocrx_word' id='word_1_814' title='bbox 2207 2898 2298 2925; x_wconf 86' lang='lat' dir='ltr'>homil.</span> 
     </span>
     <span class='ocr_line' id='line_1_116' title="bbox 1337 2940 1471 2966; baseline -0.007 0"><span class='ocrx_word' id='word_1_815' title='bbox 1337 2940 1380 2966; x_wconf 83' lang='lat'>35.</span> <span class='ocrx_word' id='word_1_816' title='bbox 1400 2948 1426 2966; x_wconf 87' lang='lat' dir='ltr'>n.</span> <span class='ocrx_word' id='word_1_817' title='bbox 1447 2941 1471 2965; x_wconf 84' lang='grc'>1.</span> 
     </span>
    </p>

    <p class='ocr_par' dir='ltr' id='par_1_20' title="bbox 1408 2983 2198 3019">
     <span class='ocr_line' id='line_1_117' title="bbox 1408 2983 2198 3019; baseline 0.004 -9"><span class='ocrx_word' id='word_1_818' title='bbox 1408 2983 1419 2998; x_wconf 77' lang='lat'><strong>⁹</strong></span> <span class='ocrx_word' id='word_1_819' title='bbox 1437 2985 1512 3011; x_wconf 87' lang='lat' dir='ltr'>Vers.</span> <span class='ocrx_word' id='word_1_820' title='bbox 1533 2986 1562 3016; x_wconf 82' lang='grc'>2,</span> <span class='ocrx_word' id='word_1_821' title='bbox 1582 2990 1642 3018; x_wconf 89' lang='lat' dir='ltr'>post</span> <span class='ocrx_word' id='word_1_822' title='bbox 1660 2993 1740 3019; x_wconf 87' lang='lat' dir='ltr'>quem</span> <span class='ocrx_word' id='word_1_823' title='bbox 1760 2987 1867 3012; x_wconf 87' lang='lat' dir='ltr'>Zachar.</span> <span class='ocrx_word' id='word_1_824' title='bbox 1888 2987 1919 3017; x_wconf 86' lang='lat'>8,</span> <span class='ocrx_word' id='word_1_825' title='bbox 1941 2987 1982 3012; x_wconf 84' lang='grc'>10.</span> <span class='ocrx_word' id='word_1_826' title='bbox 2002 2986 2084 3013; x_wconf 84' lang='lat' dir='ltr'>ACD</span> <span class='ocrx_word' id='word_1_827' title='bbox 2104 2986 2198 3013; x_wconf 81' lang='lat' dir='ltr'>Divisi.</span> 
     </span>
    </p>

    <p class='ocr_par' dir='ltr' id='par_1_21' title="bbox 1337 3028 2301 3233">
     <span class='ocr_line' id='line_1_118' title="bbox 1409 3028 2299 3064; baseline 0.003 -9"><span class='ocrx_word' id='word_1_828' title='bbox 1409 3028 1432 3043; x_wconf 80' lang='lat'>¹⁰</span> <span class='ocrx_word' id='word_1_829' title='bbox 1451 3029 1521 3055; x_wconf 89' lang='lat' dir='ltr'>Libr.</span> <span class='ocrx_word' id='word_1_830' title='bbox 1540 3031 1567 3056; x_wconf 91' lang='grc'>11.</span> <span class='ocrx_word' id='word_1_831' title='bbox 1586 3030 1679 3056; x_wconf 82' lang='lat' dir='ltr'>Homil.</span> <span class='ocrx_word' id='word_1_832' title='bbox 1700 3030 1725 3056; x_wconf 88' lang='lat' dir='ltr'>in</span> <span class='ocrx_word' id='word_1_833' title='bbox 1744 3031 1860 3062; x_wconf 81' lang='lat' dir='ltr'>Evang.,</span> <span class='ocrx_word' id='word_1_834' title='bbox 1879 3030 1968 3056; x_wconf 85' lang='lat' dir='ltr'>homil.</span> <span class='ocrx_word' id='word_1_835' title='bbox 1988 3031 2031 3056; x_wconf 84' lang='lat'>35.</span> <span class='ocrx_word' id='word_1_836' title='bbox 2045 3038 2071 3057; x_wconf 90' lang='lat' dir='ltr'>n.</span> <span class='ocrx_word' id='word_1_837' title='bbox 2086 3032 2116 3062; x_wconf 83' lang='grc'>2,</span> <span class='ocrx_word' id='word_1_838' title='bbox 2137 3030 2181 3057; x_wconf 89' lang='lat' dir='ltr'>ubi</span> <span class='ocrx_word' id='word_1_839' title='bbox 2195 3039 2244 3064; x_wconf 90' lang='lat' dir='ltr'>pro</span> <span class='ocrx_word' id='word_1_840' title='bbox 2263 3039 2299 3058; x_wconf 72' lang='lat' dir='ltr'>ea:</span> 
     </span>
     <span class='ocr_line' id='line_1_119' title="bbox 1337 3073 2301 3107; baseline 0.002 -8"><span class='ocrx_word' id='word_1_841' title='bbox 1337 3079 1392 3106; x_wconf 80' lang='lat' dir='ltr'>qua</span> <span class='ocrx_word' id='word_1_842' title='bbox 1410 3080 1440 3100; x_wconf 81' lang='lat' dir='ltr'>re</span> <span class='ocrx_word' id='word_1_843' title='bbox 1458 3073 1596 3100; x_wconf 81' lang='lat' dir='ltr'>tribulatio</span> <span class='ocrx_word' id='word_1_844' title='bbox 1617 3075 1666 3106; x_wconf 82' lang='lat' dir='ltr'>(ita</span> <span class='ocrx_word' id='word_1_845' title='bbox 1685 3075 1764 3100; x_wconf 83' lang='lat' dir='ltr'>etiam</span> <span class='ocrx_word' id='word_1_846' title='bbox 1788 3074 1866 3101; x_wconf 86' lang='lat' dir='ltr'>Card.</span> <span class='ocrx_word' id='word_1_847' title='bbox 1885 3075 1973 3107; x_wconf 79' lang='lat' dir='ltr'>Ilugo)</span> <span class='ocrx_word' id='word_1_848' title='bbox 1998 3077 2082 3101; x_wconf 84' lang='lat' dir='ltr'>textus</span> <span class='ocrx_word' id='word_1_849' title='bbox 2110 3075 2245 3107; x_wconf 82' lang='lat' dir='ltr'>originalis</span> <span class='ocrx_word' id='word_1_850' title='bbox 2264 3082 2301 3102; x_wconf 71' lang='lat' dir='ltr'>ex</span> 
     </span>
     <span class='ocr_line' id='line_1_120' title="bbox 1338 3117 2298 3151; baseline 0.002 -7"><span class='ocrx_word' id='word_1_851' title='bbox 1338 3124 1393 3151; x_wconf 77' lang='lat' dir='ltr'>qua</span> <span class='ocrx_word' id='word_1_852' title='bbox 1411 3117 1467 3144; x_wconf 80' lang='lat' dir='ltr'>iam</span> <span class='ocrx_word' id='word_1_853' title='bbox 1491 3117 1667 3145; x_wconf 69' lang='lat' dir='ltr'>retributione</span> <span class='ocrx_word' id='word_1_854' title='bbox 1687 3119 1736 3151; x_wconf 80' lang='lat' dir='ltr'>(ita</span> <span class='ocrx_word' id='word_1_855' title='bbox 1756 3119 1834 3145; x_wconf 87' lang='lat' dir='ltr'>etiam</span> <span class='ocrx_word' id='word_1_856' title='bbox 1860 3119 1882 3145; x_wconf 93' lang='lat' dir='ltr'><strong>D</strong></span> <span class='ocrx_word' id='word_1_857' title='bbox 1901 3126 1916 3145; x_wconf 94' lang='lat' dir='ltr'>a</span> <span class='ocrx_word' id='word_1_858' title='bbox 1941 3119 2056 3145; x_wconf 90' lang='lat' dir='ltr'>secunda</span> <span class='ocrx_word' id='word_1_859' title='bbox 2083 3126 2180 3151; x_wconf 87' lang='lat' dir='ltr'>manu,</span> <span class='ocrx_word' id='word_1_860' title='bbox 2199 3120 2298 3146; x_wconf 90' lang='lat' dir='ltr'>omisso</span> 
     </span>
     <span class='ocr_line' id='line_1_121' title="bbox 1337 3161 2298 3198; baseline 0.004 -11"><span class='ocrx_word' id='word_1_861' title='bbox 1337 3165 1424 3188; x_wconf 88' lang='lat' dir='ltr'>tamen</span> <span class='ocrx_word' id='word_1_862' title='bbox 1442 3161 1521 3195; x_wconf 83' lang='lat' dir='ltr'>iam),</span> <span class='ocrx_word' id='word_1_863' title='bbox 1541 3164 1562 3189; x_wconf 91' lang='lat' dir='ltr'>G</span> <span class='ocrx_word' id='word_1_864' title='bbox 1581 3170 1616 3189; x_wconf 71' lang='lat' dir='ltr'>ea:</span> <span class='ocrx_word' id='word_1_865' title='bbox 1642 3170 1696 3197; x_wconf 73' lang='lat' dir='ltr'>qim</span> <span class='ocrx_word' id='word_1_866' title='bbox 1716 3162 1854 3190; x_wconf 80' lang='lat' dir='ltr'>tribulatio</span> <span class='ocrx_word' id='word_1_867' title='bbox 1880 3164 1904 3190; x_wconf 83' lang='lat' dir='ltr'>et</span> <span class='ocrx_word' id='word_1_868' title='bbox 1929 3162 2084 3196; x_wconf 76' lang='lat' dir='ltr'>retributio,</span> <span class='ocrx_word' id='word_1_869' title='bbox 2108 3164 2167 3190; x_wconf 81' lang='lat' dir='ltr'>Vat.</span> <span class='ocrx_word' id='word_1_870' title='bbox 2191 3171 2226 3190; x_wconf 70' lang='lat' dir='ltr'>ex</span> <span class='ocrx_word' id='word_1_871' title='bbox 2245 3171 2298 3198; x_wconf 83' lang='lat' dir='ltr'>quo</span> 
     </span>
     <span class='ocr_line' id='line_1_122' title="bbox 1337 3205 1486 3233; baseline 0 -2"><span class='ocrx_word' id='word_1_872' title='bbox 1337 3205 1486 3233; x_wconf 77' lang='lat' dir='ltr'>retributio.</span> 
     </span>
    </p>

    <p class='ocr_par' dir='ltr' id='par_1_22' title="bbox 1409 3249 1696 3277">
     <span class='ocr_line' id='line_1_123' title="bbox 1409 3249 1696 3277; baseline 0.003 -1"><span class='ocrx_word' id='word_1_873' title='bbox 1409 3249 1431 3265; x_wconf 89' lang='lat'>¹¹</span> <span class='ocrx_word' id='word_1_874' title='bbox 1452 3250 1526 3276; x_wconf 86' lang='lat' dir='ltr'>Vers.</span> <span class='ocrx_word' id='word_1_875' title='bbox 1549 3251 1589 3277; x_wconf 83' lang='grc'>18.</span> <span class='ocrx_word' id='word_1_876' title='bbox 1609 3254 1634 3277; x_wconf 88' lang='grc'>01</span> <span class='ocrx_word' id='word_1_877' title='bbox 1654 3252 1696 3277; x_wconf 82' lang='grc'>19.</span> 
     </span>
    </p>

    <p class='ocr_par' dir='ltr' id='par_1_23' title="bbox 1336 3293 2299 3417">
     <span class='ocr_line' id='line_1_124' title="bbox 1408 3293 2299 3331; baseline 0.004 -11"><span class='ocrx_word' id='word_1_878' title='bbox 1408 3293 1431 3309; x_wconf 78' lang='lat'>¹²</span> <span class='ocrx_word' id='word_1_879' title='bbox 1449 3295 1520 3321; x_wconf 90' lang='lat' dir='ltr'>Libr.</span> <span class='ocrx_word' id='word_1_880' title='bbox 1538 3295 1565 3321; x_wconf 92' lang='grc' dir='ltr'>ΙΙ.</span> <span class='ocrx_word' id='word_1_881' title='bbox 1584 3296 1679 3322; x_wconf 78' lang='lat' dir='ltr'>IIomil.</span> <span class='ocrx_word' id='word_1_882' title='bbox 1699 3296 1723 3321; x_wconf 90' lang='lat' dir='ltr'>in</span> <span class='ocrx_word' id='word_1_883' title='bbox 1743 3296 1844 3328; x_wconf 80' lang='lat' dir='ltr'>Evang.</span> <span class='ocrx_word' id='word_1_884' title='bbox 1864 3297 1953 3322; x_wconf 88' lang='lat' dir='ltr'>homil.</span> <span class='ocrx_word' id='word_1_885' title='bbox 1973 3297 2015 3322; x_wconf 88' lang='lat'>35.</span> <span class='ocrx_word' id='word_1_886' title='bbox 2035 3304 2060 3323; x_wconf 88' lang='lat' dir='ltr'>n.</span> <span class='ocrx_word' id='word_1_887' title='bbox 2076 3298 2099 3323; x_wconf 90' lang='grc'>1.</span> <span class='ocrx_word' id='word_1_888' title='bbox 2113 3298 2162 3324; x_wconf 82' lang='lat' dir='ltr'>Pro</span> <span class='ocrx_word' id='word_1_889' title='bbox 2178 3297 2299 3331; x_wconf 68' lang='lat' dir='ltr'>percari-</span> 
     </span>
     <span class='ocr_line' id='line_1_125' title="bbox 1336 3337 2297 3376; baseline 0.004 -11"><span class='ocrx_word' id='word_1_890' title='bbox 1336 3337 1472 3365; x_wconf 70' lang='lat' dir='ltr'>‘nationem</span> <span class='ocrx_word' id='word_1_891' title='bbox 1492 3338 1550 3366; x_wconf 83' lang='lat' dir='ltr'>viae</span> <span class='ocrx_word' id='word_1_892' title='bbox 1569 3339 1662 3372; x_wconf 85' lang='lat' dir='ltr'>(CGH</span> <span class='ocrx_word' id='word_1_893' title='bbox 1681 3339 1762 3372; x_wconf 82' lang='lat' dir='ltr'>vitae)</span> <span class='ocrx_word' id='word_1_894' title='bbox 1787 3343 1871 3366; x_wconf 79' lang='lat' dir='ltr'>textus</span> <span class='ocrx_word' id='word_1_895' title='bbox 1896 3341 2029 3373; x_wconf 79' lang='lat' dir='ltr'>originalis</span> <span class='ocrx_word' id='word_1_896' title='bbox 2049 3341 2297 3376; x_wconf 59' lang='lat' dir='ltr'>peregrinationem</span> 
     </span>
     <span class='ocr_line' id='line_1_126' title="bbox 1337 3379 2054 3417; baseline 0.004 -8"><span class='ocrx_word' id='word_1_897' title='bbox 1337 3383 1427 3409; x_wconf 83' lang='lat' dir='ltr'>terrae</span> <span class='ocrx_word' id='word_1_898' title='bbox 1446 3382 1479 3416; x_wconf 90' lang='lat' dir='ltr'>(D</span> <span class='ocrx_word' id='word_1_899' title='bbox 1497 3390 1511 3408; x_wconf 93' lang='lat' dir='ltr'>a</span> <span class='ocrx_word' id='word_1_900' title='bbox 1530 3383 1646 3410; x_wconf 88' lang='lat' dir='ltr'>secunda</span> <span class='ocrx_word' id='word_1_901' title='bbox 1666 3390 1745 3410; x_wconf 87' lang='lat' dir='ltr'>manu</span> <span class='ocrx_word' id='word_1_902' title='bbox 1765 3383 1824 3411; x_wconf 78' lang='lat' dir='ltr'>viae</span> <span class='ocrx_word' id='word_1_903' title='bbox 1842 3384 1884 3411; x_wconf 82' lang='lat' dir='ltr'>vel</span> <span class='ocrx_word' id='word_1_904' title='bbox 1902 3386 2013 3417; x_wconf 81' lang='lat' dir='ltr'>terrae).</span> <span class='ocrx_word' id='word_1_905' title='bbox 2052 3379 2054 3382; x_wconf 73' lang='grc'><strong>’</strong></span> 
     </span>
    </p>

    <p class='ocr_par' dir='ltr' id='par_1_24' title="bbox 1337 3425 2296 3506">
     <span class='ocr_line' id='line_1_127' title="bbox 1409 3425 2296 3462; baseline 0.005 -10"><span class='ocrx_word' id='word_1_906' title='bbox 1409 3425 1431 3441; x_wconf 80' lang='lat'>¹⁸</span> <span class='ocrx_word' id='word_1_907' title='bbox 1451 3427 1526 3453; x_wconf 87' lang='lat' dir='ltr'>Vers.</span> <span class='ocrx_word' id='word_1_908' title='bbox 1547 3427 1589 3453; x_wconf 78' lang='lat'>⁴7.</span> <span class='ocrx_word' id='word_1_909' title='bbox 1610 3430 1636 3453; x_wconf 88' lang='lat' dir='ltr'>et</span> <span class='ocrx_word' id='word_1_910' title='bbox 1660 3427 1772 3455; x_wconf 85' lang='lat' dir='ltr'>subinde</span> <span class='ocrx_word' id='word_1_911' title='bbox 1791 3429 1821 3460; x_wconf 83' lang='lat'>5,</span> <span class='ocrx_word' id='word_1_912' title='bbox 1847 3429 1891 3455; x_wconf 88' lang='grc'>21.</span> <span class='ocrx_word' id='word_1_913' title='bbox 1911 3429 1967 3462; x_wconf 77' lang='lat' dir='ltr'>(cfr.</span> <span class='ocrx_word' id='word_1_914' title='bbox 1985 3430 2065 3462; x_wconf 82' lang='lat' dir='ltr'>paulo</span> <span class='ocrx_word' id='word_1_915' title='bbox 2085 3430 2193 3456; x_wconf 81' lang='lat' dir='ltr'>interius</span> <span class='ocrx_word' id='word_1_916' title='bbox 2214 3429 2296 3456; x_wconf 86' lang='lat' dir='ltr'>verba</span> 
     </span>
     <span class='ocr_line' id='line_1_128' title="bbox 1337 3470 2070 3506; baseline 0.005 -10"><span class='ocrx_word' id='word_1_917' title='bbox 1337 3470 1457 3503; x_wconf 86' lang='lat' dir='ltr'>Gregorii</span> <span class='ocrx_word' id='word_1_918' title='bbox 1475 3474 1501 3497; x_wconf 84' lang='lat' dir='ltr'>et</span> <span class='ocrx_word' id='word_1_919' title='bbox 1519 3478 1599 3503; x_wconf 86' lang='lat' dir='ltr'>supra</span> <span class='ocrx_word' id='word_1_920' title='bbox 1618 3478 1680 3503; x_wconf 80' lang='lat' dir='ltr'>pag.</span> <span class='ocrx_word' id='word_1_921' title='bbox 1700 3472 1761 3504; x_wconf 69' lang='lat'>42¹,</span> <span class='ocrx_word' id='word_1_922' title='bbox 1780 3475 1840 3506; x_wconf 84' lang='lat' dir='ltr'>nota</span> <span class='ocrx_word' id='word_1_923' title='bbox 1860 3473 1899 3506; x_wconf 86' lang='lat'>3.)</span> <span class='ocrx_word' id='word_1_924' title='bbox 1919 3477 1945 3500; x_wconf 89' lang='lat' dir='ltr'>et</span> <span class='ocrx_word' id='word_1_925' title='bbox 1965 3474 2006 3499; x_wconf 87' lang='grc'>16.</span> <span class='ocrx_word' id='word_1_926' title='bbox 2027 3474 2070 3501; x_wconf 74' lang='grc'>24.</span> 
     </span>
    </p>
   </div>
   <div class='ocr_carea' id='block_1_12' title="bbox 2309 831 2452 907">
    <p class='ocr_par' dir='ltr' id='par_1_25' title="bbox 2309 831 2452 907">
     <span class='ocr_line' id='line_1_129' title="bbox 2309 831 2445 856; baseline 0.015 -3"><span class='ocrx_word' id='word_1_927' title='bbox 2309 831 2370 856; x_wconf 83' lang='lat' dir='ltr'>Item,</span> <span class='ocrx_word' id='word_1_928' title='bbox 2379 831 2445 855; x_wconf 76' lang='lat' dir='ltr'>finalei</span> 
     </span>
     <span class='ocr_line' id='line_1_130' title="bbox 2327 858 2452 881; baseline 0.016 -2"><span class='ocrx_word' id='word_1_929' title='bbox 2327 858 2452 881; x_wconf 51' lang='lat' dir='ltr'>tribulatio-¹</span> 
     </span>
     <span class='ocr_line' id='line_1_131' title="bbox 2357 890 2414 907; baseline -0.018 0"><span class='ocrx_word' id='word_1_930' title='bbox 2357 890 2414 907; x_wconf 83' lang='lat' dir='ltr'>nem.</span> 
     </span>
    </p>
   </div>
   <div class='ocr_carea' id='block_1_13' title="bbox 2318 1044 2445 1093">
    <p class='ocr_par' dir='ltr' id='par_1_26' title="bbox 2318 1044 2445 1093">
     <span class='ocr_line' id='line_1_132' title="bbox 2318 1044 2445 1066; baseline 0.008 -1"><span class='ocrx_word' id='word_1_931' title='bbox 2318 1044 2445 1066; x_wconf 80' lang='lat' dir='ltr'>Pei-turbati·</span> 
     </span>
     <span class='ocr_line' id='line_1_133' title="bbox 2327 1071 2444 1093; baseline 0.009 -1"><span class='ocrx_word' id='word_1_932' title='bbox 2327 1071 2444 1093; x_wconf 83' lang='lat' dir='ltr'>hominum.</span> 
     </span>
    </p>
   </div>
   <div class='ocr_carea' id='block_1_14' title="bbox 2314 1466 2457 1519">
    <p class='ocr_par' dir='ltr' id='par_1_27' title="bbox 2314 1466 2457 1519">
     <span class='ocr_line' id='line_1_134' title="bbox 2320 1466 2457 1495; baseline 0 -3"><span class='ocrx_word' id='word_1_933' title='bbox 2320 1470 2382 1495; x_wconf 79' lang='lat' dir='ltr'>item,</span> <span class='ocrx_word' id='word_1_934' title='bbox 2397 1470 2438 1493; x_wconf 84' lang='lat' dir='ltr'>ele-</span> <span class='ocrx_word' id='word_1_935' title='bbox 2456 1466 2457 1471; x_wconf 54' lang='lat'>¹</span> 
     </span>
     <span class='ocr_line' id='line_1_135' title="bbox 2314 1500 2443 1519; baseline 0 0"><span class='ocrx_word' id='word_1_936' title='bbox 2314 1500 2443 1519; x_wconf 82' lang='lat' dir='ltr'>mentorum.</span> 
     </span>
    </p>
   </div>
  </div>
 </body>
</html>
