2427 3872
438 235 496 260 SAL

153 293 186 297 ——
206 278 339 305 scientiam
369 279 487 304 omnium
513 285 601 304 rerum
631 277 722 303 habuit
743 277 793 303 155

153 330 180 348 v.
199 323 232 349 20
250 337 286 342 —
304 323 429 354 cognovit
446 322 597 348 abscondita
612 326 637 348 et
650 322 793 354 improvisa

153 366 305 393 hominibus
333 366 367 393 ib.
390 374 416 392 v.
436 368 464 392 21
498 381 533 385 —
552 367 661 392 edoctus
680 369 719 391 est
746 372 794 397 per

152 411 312 443 Sapientiam
332 411 473 436 increatam
487 418 500 436 a
516 411 590 436 Patre
603 410 717 442 genitam
731 408 793 435 ibid.

205 469 238 474 —
259 455 435 487 cognitionem
454 461 529 480 suam
544 453 635 480 habuit
648 454 742 485 partim
756 460 794 478 re-

153 499 295 532 velatione,
315 499 409 531 partim
435 506 483 524 sua
511 498 686 524 sollicitudIne
706 497 738 523 Vl
760 498 793 522 19

152 550 179 569 ν.
200 543 231 569 17
250 556 286 562 -
304 543 458 575 sapientiam
478 543 504 568 in
524 543 587 567 tlore
606 542 697 567 aetatis
715 548 792 574 quae-

151 587 213 613 sivit
241 588 292 613 160
321 595 346 613 v.
376 588 391 612 2
416 600 451 606 —-
478 586 633 618 sapientiam
662 585 793 618 quaesivit

152 631 240 657 studio
258 631 375 657 lectionis
400 633 426 656 et
451 630 576 656 orationis
599 629 661 655 ibid.
686 643 721 648 -—
741 636 792 654 non

152 675 199 700 suit
217 675 354 707 negligens
373 674 406 700 97
425 681 452 699 v.
472 674 487 698 9
506 688 541 692 -
562 673 609 699 suit
627 673 700 698 tortis
718 677 742 698 et
756 673 793 698 di-

151 719 235 751 ligens
254 719 281 744 in
307 718 492 749 investigando
522 717 571 742 163
592 724 619 742 v.
639 718 671 742 10
691 732 725 735 -
746 717 792 742 suit

153 763 255 789 subtilis
280 763 307 788 in
335 762 497 794 penetrando
526 764 552 787 et
580 762 738 787 inveniendo
757 761 792 788 ib.

152 815 179 833 v.
200 808 226 832 11
249 820 286 826 —-
313 809 368 832 erat
391 806 544 838 ingeniosus
571 813 618 838 per
646 806 791 831 naturalem

152 850 307 877 industriam
327 850 377 875 166
397 857 423 875 v.
445 850 476 875 19

205 909 240 913 -
259 894 324 920 Nihil
343 901 357 919 a
377 894 586 920 consideratione
606 895 692 926 ipsum
712 898 793 920 retra-

151 938 231 964 hebat
249 939 281 964 Vl
304 938 334 964 18
354 945 381 964 v.
402 939 434 964 12
447 942 603 971 -propter
615 939 791 965 curiositatem

152 983 241 1009 omnia
260 983 343 1008 voluit
368 983 434 1009 scire
463 986 488 1009 et
513 982 641 1009 subtiliter
666 983 793 1015 indagare

152 1027 185 1052 18
205 1035 231 1053 v.
253 1027 284 1053 13
310 1041 345 1046 -
370 1027 485 1053 extendit
509 1034 584 1053 suam
610 1027 794 1053 consideratio-

151 1078 211 1096 nem
231 1071 296 1097 ultra
316 1078 346 1097 ea
366 1078 434 1104 quae
454 1072 544 1097 salutis
562 1074 622 1097 sunt
642 1071 675 1096 64
694 1078 721 1104 q.
742 1072 751 1096 1

204 1129 240 1135 -
259 1117 425 1142 Salomonem
445 1116 568 1142 edoctum
594 1116 720 1147 sapientia
740 1116 794 1141 nul-

151 1160 205 1186 lum
224 1159 337 1186 verbum
356 1160 464 1192 reginae
483 1159 551 1185 Saba
571 1161 649 1186 latere
664 1160 747 1192 potuit
762 1161 792 1185 Vl

152 1204 203 1230 162
223 1212 248 1230 v.
269 1205 283 1229 8
303 1218 339 1223 -
358 1211 372 1229 a
391 1205 445 1230 Deo
464 1208 601 1236 acceperat
620 1211 672 1230 non
692 1207 792 1230 tantum

151 1248 262 1280 gratiam
282 1249 397 1279 sciendi,
422 1249 469 1274 sed
495 1249 573 1274 etiam
602 1248 714 1274 docendi
742 1247 792 1274 154

152 1299 178 1318 ν.
198 1293 231 1319 15
249 1306 285 1312 —-
306 1293 374 1318 Deus
394 1299 440 1325 per
460 1293 627 1318 Salomonem
647 1293 726 1318 etiam
740 1299 793 1318 car-

151 1336 235 1362 nalem
256 1338 336 1362 multa
355 1336 424 1362 bona
443 1337 506 1362 dixit
526 1337 540 1361 8
560 1344 586 1369 q.
602 1336 617 1362 4
631 1351 665 1355 —
679 1336 794 1362 debebat

152 1381 248 1406 docere
267 1382 396 1413 populum
417 1381 519 1406 Domini
549 1380 632 1406 verbo
652 1384 677 1406 et
695 1381 793 1412 scripto

151 1423 215 1451 ibid.
236 1424 263 1450 l*
281 1438 316 1444 ·-
335 1425 489 1457 sapientiam
515 1432 590 1450 suam
610 1432 663 1450 non
682 1424 792 1450 abscon-

152 1468 205 1501 dit,
224 1469 270 1495 sed
290 1469 346 1494 aliis
365 1469 496 1494 enarravit
516 1469 549 1494 97
570 1476 595 1494 v.
615 1469 630 1493 9

205 1526 240 1531 —
259 1513 315 1538 Non
333 1516 478 1545 sapuerunt
495 1519 537 1538 res
557 1513 696 1543 Salomoni,
714 1516 792 1544 prout

152 1555 284 1582 debebant
303 1557 335 1582 Vl
356 1557 388 1582 23
407 1564 432 1589 q.
453 1557 468 1582 3
482 1571 517 1575 ——
530 1556 597 1582 bona
613 1560 717 1582 aeterna
731 1564 791 1583 con-

151 1601 257 1633 tempsit
283 1603 309 1626 et
337 1601 491 1633 temporalia
518 1601 653 1627 adamavit
676 1600 738 1627 ibid.
757 1616 791 1619 —

152 1645 271 1677 peccavit
286 1649 314 1671 et
338 1646 431 1672 stultus
457 1647 539 1672 sactus
563 1649 602 1672 est
621 1646 655 1671 24
675 1653 701 1679 q.
722 1647 736 1671 3
761 1660 791 1665 ——

152 1690 177 1715 in
196 1690 331 1716 iuventute
350 1691 437 1716 dilexit
455 1691 625 1723 munditiam,
644 1691 692 1716 sed
711 1691 736 1716 in
755 1698 792 1716 se-

151 1737 254 1760 nectute
273 1735 401 1761 luxuriam
423 1736 473 1760 166
493 1742 519 1761 v.
539 1736 572 1761 20
593 1738 738 1761 —tractus
758 1736 792 1761 ad

152 1779 293 1805 vanitatem
313 1779 428 1805 luxurIae
448 1787 495 1812 per
509 1780 676 1806 dulcedinem
690 1787 705 1806 a
718 1787 792 1806 mun-

152 1823 187 1849 do
207 1827 371 1856 praetensam
391 1825 406 1850 5
428 1825 460 1849 10

203 1881 240 1887 —
258 1871 366 1900 propter
378 1869 603 1902 aequiparantiam
616 1869 742 1901 sapientis
759 1869 792 1895 ad

151 1912 258 1938 stultum
279 1913 303 1938 iu
323 1916 407 1938 morte
426 1916 451 1938 et
471 1917 530 1945 post
548 1917 659 1939 mortem
679 1917 794 1939 contem-

151 1956 203 1988 psit
222 1957 374 1988 sapientiam
395 1957 427 1982 Vl
449 1957 482 1983 25
502 1965 528 1984 v.
549 1958 582 1983 -14
601 1973 634 1976 -
655 1965 706 1984 non
727 1958 792 1984 iudi-

151 2000 193 2026 cio
212 2001 319 2027 rationis
338 2001 522 2033 deliberantis,
548 2002 593 2028 sed
619 2002 700 2028 solius
718 2002 792 2028 aesti-

151 2045 272 2071 mationis
288 2045 427 2077 iudicavit,
447 2046 496 2072 sibi
516 2053 568 2072 non
587 2053 645 2072 esse
664 2046 791 2078 gaudium

151 2089 198 2114 nisi
219 2089 244 2114 in
264 2090 395 2121 praesenti
424 2090 457 2116 24
482 2098 508 2123 q.
535 2090 550 2116 4
569 2104 605 2110 —
623 2090 670 2115 etsi
689 2090 793 2122 sapiens

155 2134 245 2165 suerit,
265 2137 352 2160 tamen
379 2135 531 2166 insipienter
558 2135 612 2166 egit
632 2135 656 2159 in
676 2134 793 2159 aestima-

154 2177 224 2203 tione
243 2178 333 2210 gaudii
357 2179 501 2210 praesentis
525 2178 587 2205 ibid.
606 2192 641 2197 —
660 2178 793 2210 Sapientia

152 2217 332 2254 perseveravit
350 2230 410 2249 cum
430 2224 569 2249 Salomone
588 2223 733 2248 seeundum
753 2229 794 2248 co-

153 2266 297 2297 gnitionem
325 2267 411 2292 solum
439 2266 473 2293 ib.
503 2274 529 2300 q.
549 2267 564 2292 3
584 2281 619 2286 -
638 2267 792 2299 sapientiam

153 2310 253 2340 amisit,
282 2310 306 2335 in
335 2314 464 2343 quantum
494 2311 617 2343 importat
641 2315 748 2343 gustum
768 2314 793 2336 et

153 2354 260 2379 allectus
279 2361 401 2385 saporem
421 2357 446 2379 et
465 2355 586 2380 ordinem
606 2354 669 2381 ibid.

206 2411 241 2417 —
260 2405 288 2424 se
308 2398 394 2430 ipsum
414 2399 594 2430 reprehendit,
614 2399 676 2432 quia
695 2399 794 2425 labora-

153 2445 228 2468 verat
246 2446 354 2474 propter
382 2443 558 2468 curiositatem
582 2446 608 2469 et
632 2444 793 2469 mundanam

154 2486 295 2512 vanitatem
316 2487 347 2512 Vl
368 2487 400 2512 26
420 2494 446 2519 q.
467 2488 492 2518 2,
512 2494 536 2512 v.
557 2487 590 2512 18

208 2545 243 2549 ——
261 2531 329 2557 elrca
348 2534 468 2557 ornatum
494 2532 607 2557 vestium
637 2532 685 2557 suit
712 2532 795 2558 curio-

154 2575 288 2606 sissimus,
307 2575 384 2600 simul
404 2574 504 2601 habens
523 2576 698 2608 voluntatem,
717 2576 795 2602 indu-

156 2619 246 2644 striam
273 2622 298 2645 ct
317 2620 463 2645 facultatem
483 2619 516 2645 ad
536 2620 685 2645 ornandum
705 2627 733 2646 se
752 2621 794 2646 Vll

156 2663 203 2688 321
228 2664 261 2689 39
281 2678 315 2682 —-
335 2664 491 2696 peritissime
515 2664 602 2690 omnia
627 2664 796 2690 ordinaverat

156 2708 303 2733 secundum
328 2709 471 2734 humanam
496 2708 650 2734 industriam
674 2708 736 2735 ibid.
760 2724 796 2728 —

157 2752 263 2785 aequari
294 2759 347 2778 non
377 2756 479 2785 poterat
515 2753 658 2779 industriae
688 2757 795 2780 naturae

156 2795 219 2822 ibid.

210 2855 246 2860 —
264 2848 310 2867 sua
335 2842 419 2868 studia
448 2842 576 2874 arguebat
601 2843 633 2868 Vl
663 2843 696 2869 28
716 2851 742 2869 ν.
762 2844 795 2869 26

157 2899 192 2904 —--
210 2886 402 2912 considerando
427 2887 568 2912 vanitatem
592 2886 729 2913 laborandi
748 2894 796 2919 pro

158 2931 236 2956 stulto
254 2931 367 2956 cessavit
385 2929 503 2956 laborare
527 2937 575 2963 pro
596 2930 671 2956 bonis
699 2934 797 2964 tempo-

156 2974 255 3000 ralibus
273 2975 306 3000 26
327 2981 353 3000 v.
373 2975 406 3000 20

211 3032 246 3038 --
265 3019 403 3051 proposuit
421 3025 450 3044 se
466 3019 493 3044 in
506 3019 656 3050 exemplum
668 3022 797 3051 quantum

158 3063 193 3089 ad
211 3063 449 3095 concupiscentiam
469 3065 494 3088 et
518 3065 645 3095 quantum
665 3062 699 3088 ad
718 3062 798 3088 abun-

159 3107 275 3134 dantiam
295 3107 328 3133 Vl
353 3107 387 3133 27
406 3114 433 3132 ν.
457 3106 491 3132 25
510 3120 544 3125 -
570 3112 622 3132 non
641 3109 680 3131 est
699 3106 798 3132 imitan-

160 3151 211 3177 dus
229 3151 263 3177 24
282 3158 309 3184 q.
328 3151 343 3177 4

214 3197 309 3222 Surus
334 3208 369 3214 —
393 3197 433 3221 est
457 3194 482 3220 in
510 3194 628 3226 corporis
654 3194 799 3220 elevatione

161 3240 194 3266 Vl
214 3240 247 3265 30
267 3246 293 3264 v.
313 3238 328 3264 4

831 189 867 221 ΙΝ
890 188 1182 222 COMMEN‘FARIOS
1206 188 1234 220 S.
1260 186 1484 220 SCRlPTURAE
1804 231 1866 255 m!
2088 186 2147 219 831

831 277 870 303 nis
890 277 923 302 Vl
942 276 993 302 297
1014 276 1047 301 54
1068 290 1101 294 -
1120 279 1206 301 nostra
1227 279 1266 301 est
1283 275 1359 301 cibus
1379 275 1472 301 Christi
1512 274 1575 299 dum
1595 274 1748 300 exteriorem
1769 275 1860 300 taciem
1882 274 1932 300 415
1953 275 1985 299 33
2005 289 2039 292 -
2059 274 2107 299 crit
2128 275 2151 299 in

831 320 867 346 ib.
885 321 927 346 51.
948 321 999 346 299
1024 321 1057 345 66
1081 334 1116 339 -
1136 321 1209 345 llatio
1233 327 1344 345 movens
1369 319 1402 344 ad
1428 320 1474 346 sal·
1511 318 1562 343 ssne
1581 318 1654 350 vitae,
1674 326 1724 343 non
1745 319 1768 343 in
1790 319 1876 344 medlo
1891 322 1934 343 aut
1954 319 1978 343 in
1998 318 2082 349 capite
2101 318 2153 343 255

830 365 947 390 vandum
968 364 1015 390 fult
1033 365 1195 389 immensitas
1215 364 1297 389 divini
1322 363 1420 389 amoris
1439 363 1472 388 ad

830 409 963 434 hominem
984 409 1117 440 perditum
1138 409 1189 433 282
1210 409 1243 433 26

885 467 918 471 -
937 456 976 478 est
995 452 1108 484 petenda
1129 452 1161 477 Vl
1183 451 1228 477 451
1260 452 1293 477 23
1317 465 1351 470 -
1374 451 1473 483 patriae

829 497 953 522 omnibus
978 499 1017 521 est
1042 496 1156 527 optanda
1183 496 1234 521 255
1255 496 1288 520 10
1307 508 1341 514 --
1365 495 1471 527 propria

829 541 915 572 magis
928 543 967 566 est
980 540 1092 565 amanda
1106 546 1186 572 quam
1202 539 1319 565 contusio
1340 539 1471 564 mundana

830 584 881 610 503
898 585 932 609 67
952 591 1008 616 arg.
1027 597 1062 602 -—
1081 584 1160 609 unius
1174 582 1234 608 boni
1250 583 1419 614 praeferenda
1434 586 1472 608 est

830 628 916 654 multis
935 628 1010 653 malis
1024 628 1070 652 331
1089 627 1123 652 77
1143 641 1177 646 ·-
1197 628 1222 652 ln
1243 627 1373 652 inssnitum
1389 626 1472 651 maior

829 679 891 698 cura
911 672 991 698 debet
1016 678 1073 697 esse
1096 671 1130 697 de
1155 671 1237 697 salute
1260 671 1372 696 hominis
1391 677 1471 703 quam

829 715 899 742 bruti
918 715 1036 741 animalis
1056 716 1097 741 Vll
1119 715 1169 741 344
1190 716 1218 740 31
1242 728 1278 734 -
1297 714 1371 739 Salus
1392 714 1472 739 homi-

829 761 870 786 nis
880 760 1050 792 praeferenda
1061 763 1101 785 est
1109 759 1185 785 saluti
1195 759 1258 784 asini
1270 761 1295 784 et
1307 758 1383 784 bovis
1394 758 1445 783 360
1456 758 1471 783 9

882 804 1000 830 Christus
1018 804 1114 830 dicitur
1133 804 1265 834 Salvator,
1285 803 1347 836 quia
1368 803 1471 828 salvum

829 849 888 875 fecit
907 850 1035 881 populum
1056 855 1134 874 suum
1154 855 1167 873 a
1189 848 1302 880 peccatis
1317 847 1358 872 Vll
1373 847 1400 872 4l
1421 846 1470 872 137

829 907 865 913 -
883 893 1010 918 Dominus
1029 895 1068 918 est
1086 899 1149 918 vere
1163 892 1281 917 Salvator
1299 891 1405 921 mundi,
1419 898 1471 916 non

830 940 929 963 tantum
951 937 1105 963 ludaeorum
1127 937 1158 962 Vl
1179 936 1229 961 299
1256 936 1289 961 62
1315 950 1350 955 -
1374 935 1472 961 Princi-

830 982 903 1014 pium
923 982 1028 1007 salvans
1047 983 1086 1007 est
1104 980 1223 1007 Christus
1242 981 1293 1006 282
1314 980 1345 1006 23
1366 994 1401 999 -
1420 980 1472 1005 ani-

830 1033 933 1052 marum
954 1026 978 1051 in
997 1026 1053 1051 solo
1072 1024 1161 1051 Verbo
1182 1025 1313 1050 incarnato
1331 1024 1413 1056 posita
1433 1027 1473 1050 est

831 1071 873 1096 Vll
894 1071 927 1096 28
947 1070 981 1096 75
1000 1083 1035 1088 -
1055 1072 1140 1095 nostra
1155 1069 1283 1101 processit
1302 1069 1335 1094 de
1354 1069 1472 1094 humani-

830 1118 882 1141 tate
907 1118 1022 1140 assumta
1049 1114 1142 1140 Christi
1164 1114 1195 1139 Vl
1222 1113 1273 1139 549
1299 1114 1315 1139 5
1336 1127 1372 1132 —
1391 1113 1472 1139 Nemo

830 1160 946 1185 salvatur
966 1159 1014 1184 nisi
1034 1165 1081 1191 per
1100 1158 1231 1184 Christum
1252 1159 1303 1183 282
1319 1158 1352 1183 23
1368 1172 1403 1175 -
1415 1158 1472 1183 Nul-

830 1204 870 1229 lus
890 1204 1005 1229 salvatur
1023 1203 1072 1228 nisi
1097 1202 1247 1228 membrum
1267 1201 1360 1228 Christi
1379 1205 1404 1227 et
1423 1202 1471 1227 nisi

829 1252 999 1274 conservetur
1018 1255 1033 1272 a
1052 1247 1154 1273 Christo
1174 1247 1224 1272 334
1246 1247 1278 1272 92

882 1305 917 1311 --
936 1292 1147 1324 exspectantibus
1166 1292 1309 1317 adventum
1329 1291 1472 1316 Salvatoris

829 1337 907 1362 datur
931 1340 957 1362 et
981 1336 1127 1362 ostenditur
1148 1337 1178 1361 Vl
1199 1336 1250 1361 632
1270 1343 1283 1360 a
1308 1350 1343 1355 —
1362 1335 1472 1361 visibilis

829 1380 940 1406 exhibita
961 1383 1000 1405 est
1020 1380 1044 1405 in
1064 1380 1178 1405 adventu
1199 1380 1340 1405 Salvatoris
1359 1379 1392 1405 ib.
1407 1379 1424 1404 b
1437 1394 1472 1398 -

830 1425 876 1449 l‘er
895 1431 976 1449 cornu
996 1425 1085 1449 salutis
1105 1424 1253 1455 intelligitur
1273 1427 1386 1456 potestas
1400 1424 1471 1449 Chri-

829 1469 861 1494 sti
880 1468 1041 1500 resurgentis
1062 1468 1103 1494 Vll
1124 1469 1157 1493 39
1179 1468 1228 1493 124
1247 1482 1283 1487 -
1300 1468 1417 1494 Christus
1431 1470 1473 1494 ha-

829 1511 873 1538 bet
892 1515 1047 1545 potestatem
1067 1513 1100 1538 ad
1120 1513 1235 1538 dandam
1249 1513 1358 1538 salutem
1375 1514 1405 1538 vt
1422 1513 1471 1538 468

831 1557 845 1582 4
864 1571 899 1576 —
917 1556 1035 1583 Christus
1054 1558 1138 1583 salvat
1157 1557 1232 1583 datos
1251 1558 1275 1583 ei
1294 1565 1342 1589 per
1366 1558 1473 1589 praede-

829 1602 993 1627 stinationem
1014 1601 1064 1627 469
1086 1602 1117 1627 10

881 1660 917 1666 -
936 1647 1013 1672 datur
1032 1653 1079 1679 per
1099 1647 1247 1678 passionem
1265 1646 1360 1673 Christi
1373 1647 1405 1673 Vl
1421 1648 1472 1672 282

830 1691 863 1718 24
882 1704 918 1710 -
936 1691 1083 1717 animarum
1112 1695 1261 1717 sanctarum
1287 1698 1335 1723 per
1360 1694 1471 1717 mortem

829 1739 855 1761 et
877 1736 1095 1761 resurrectionem
1125 1735 1218 1761 Christi
1247 1735 1388 1761 obtinenda
1417 1739 1473 1761 erat

832 1780 882 1806 124
902 1788 929 1806 v.
948 1781 982 1806 22
998 1794 1034 1799 -
1053 1783 1181 1813 quantum
1207 1780 1241 1806 ad
1266 1787 1295 1805 ea
1315 1786 1384 1812 quae
1397 1780 1472 1805 ‘iuris

830 1828 899 1856 sunt,
913 1832 1005 1851 secure
1024 1824 1210 1850 committenda
1229 1823 1345 1856 Christo,
1366 1824 1472 1855 Spiritui

830 1873 920 1895 sancto
939 1872 964 1894 et
983 1868 1078 1894 Mariae
1097 1869 1199 1900 Virgini
1223 1872 1251 1894 ut
1275 1869 1410 1894 advocatis
1428 1875 1472 1894 no-

829 1914 889 1939 stris
908 1914 960 1938 603
981 1913 996 1938 4

883 1972 918 1976 ——
936 1958 1013 1983 datur
1042 1964 1089 1989 per
1117 1958 1282 1988 collationem
1311 1957 1409 1989 gratiae
1429 1957 1470 1982 vu

831 2001 882 2027 477
903 2002 935 2027 13
959 2015 994 2021 -
1013 2002 1063 2027 Via
1092 2002 1180 2027 salutis
1208 2005 1248 2027 est
1275 2002 1471 2027 Sacramentum

829 2046 1035 2077 regenerationis
1054 2046 1085 2071 Vl
1107 2046 1158 2071 279
1183 2046 1199 2071 7
1224 2061 1259 2064 -
1287 2050 1374 2071 ortum
1394 2045 1473 2071 habet

830 2089 864 2115 ab
883 2090 1027 2115 humilitate
1047 2090 1097 2115 429
1118 2091 1151 2116 25

883 2147 918 2153 —-
938 2134 1032 2159 Salutis
1050 2137 1155 2159 nostrae
1180 2134 1281 2159 initium
1307 2137 1346 2160 est
1369 2142 1383 2159 a
1403 2134 1472 2159 malo

830 2178 952 2203 recedere
973 2178 1015 2203 Vll
1035 2178 1069 2202 87
1089 2178 1122 2203 63
1141 2191 1175 2196 -
1192 2178 1222 2204 ln
1242 2178 1397 2203 remissione
1414 2185 1472 2210 pec-

830 2224 948 2247 catorum
969 2225 1007 2247 cst
1026 2222 1095 2247 salus
1115 2222 1142 2247 41
1169 2222 1219 2247 137
1239 2236 1273 2240 -
1292 2225 1331 2247 est
1344 2222 1368 2247 in
1382 2221 1472 2247 libern-

831 2267 900 2292 tione
918 2266 952 2292 ab
972 2266 1097 2298 inimicis,
1117 2266 1143 2292 id
1162 2269 1202 2292 est
1220 2274 1233 2291 a
1251 2265 1425 2292 daemonibus
1438 2267 1471 2291 39

832 2311 883 2336 126
904 2325 936 2329 —-
956 2313 995 2336 est
1013 2312 1040 2336 in
1059 2311 1212 2336 liberatione
1225 2318 1239 2335 a
1255 2317 1333 2336 manu
1353 2310 1408 2336 sive
1427 2317 1471 2342 po-

831 2358 921 2381 testate
946 2355 1066 2381 omnium
1091 2355 1319 2388 persequentium,
1339 2354 1396 2379 sive
1413 2354 1472 2380 dae-

831 2407 956 2431 monum,
976 2400 1032 2426 sive
1051 2400 1188 2425 hominum
1208 2399 1242 2425 ib.
1264 2399 1313 2425 127
1332 2412 1367 2418 -
1387 2400 1412 2424 ln
1426 2400 1473 2424 sal-

831 2444 936 2470 vatione
955 2444 1058 2470 animae
1077 2444 1161 2470 fidelis
1174 2447 1288 2477 quatuor
1307 2444 1367 2469 lacit
1386 2444 1473 2469 Domi-

831 2496 880 2514 nus
900 2488 951 2514 343
972 2488 1004 2514 27

885 2533 1001 2564 —‚Tria
1020 2536 1082 2559 sunt
1100 2533 1282 2565 cognoscenda
1304 2536 1332 2558 ut
1356 2539 1473 2558 necessa-

831 2577 868 2602 ria
888 2578 922 2603 ad
941 2579 1051 2604 salutem
1072 2579 1113 2604 Vll
1135 2578 1185 2603 147
1206 2578 1238 2603 49
1257 2591 1293 2597 -
1312 2578 1350 2603 Ad
1363 2578 1472 2603 salutem

831 2621 993 2653 spiritualem
1007 2623 1152 2648 necessaria
1165 2626 1205 2648 est
1217 2622 1341 2654 sapientia
1355 2625 1381 2648 et
1393 2623 1473 2647 seien-

832 2667 866 2692 tia
887 2666 915 2692 41
940 2667 990 2693 137
1009 2680 1045 2686 -
1064 2674 1118 2692 non
1146 2670 1232 2699 potest
1258 2667 1352 2700 aliquis
1378 2667 1473 2692 salvari

832 2710 880 2736 nisi
900 2711 946 2744 qui
965 2711 1048 2736 credit
1067 2711 1118 2736 474
1136 2711 1152 2736 7

885 2769 920 2774 -
938 2755 1056 2781 Christus
1073 2756 1205 2781 neminem
1221 2755 1331 2780 invitum
1344 2756 1428 2781 salvat
1442 2755 1473 2780 Vl

834 2800 885 2825 329
911 2799 944 2825 64
963 2813 999 2818 -
1018 2800 1112 2825 Salutis
1136 2799 1355 2831 impedimentum
1381 2803 1420 2825 est
1444 2806 1474 2825 ex

833 2846 908 2876 parte
926 2844 1044 2869 desectus
1057 2844 1116 2869 tldei
1137 2847 1162 2869 et
1182 2843 1243 2869 boni
1257 2844 1359 2876 operis,
1373 2850 1424 2869 non
1443 2850 1473 2869 ex

833 2890 908 2920 parte
927 2887 972 2913 Dei
992 2888 1043 2912 283
1064 2887 1097 2912 30
1116 2900 1152 2906 -
1170 2887 1264 2913 Salutis
1279 2887 1424 2919 periculum
1439 2890 1474 2912 to-

834 2935 889 2957 tum
907 2931 1023 2957 consistit
1042 2931 1067 2956 in
1086 2931 1275 2957 retrocedendo
1288 2938 1301 2956 a
1315 2930 1417 2957 Christo
1430 2931 1473 2956 Vll

836 2974 886 3001 444
906 2975 940 3001 55
959 2988 994 2994 —
1013 2975 1139 3007 Occupati
1158 2975 1183 3000 in
1202 2974 1282 3000 rebus
1302 2975 1411 3000 terrenis
1430 2974 1475 2999 im·

835 3026 966 3044 memores
984 3022 1045 3044 sunt
1062 3026 1125 3044 suae
1144 3019 1233 3044 salutis
1252 3019 1285 3043 Vl
1306 3019 1338 3043 18
1352 3025 1378 3043 ν.
1394 3019 1425 3044 13
1439 3032 1475 3036 -

834 3070 886 3088 non
904 3065 944 3089 est
962 3063 1114 3089 hominibus
1132 3066 1240 3095 propter
1254 3063 1408 3088 Sanctorum
1422 3062 1474 3087 col-

835 3106 1006 3138 locutionem,
1025 3107 1072 3132 sed
1091 3111 1199 3139 propter
1218 3107 1336 3138 ipsorum
1356 3106 1474 3131 imitatio-

835 3157 895 3176 nem
915 3150 958 3176 Vll
977 3150 1029 3177 255
1053 3151 1082 3176 10

888 3194 968 3220 —ln
997 3194 1167 3227 acquisitione
1195 3194 1285 3220 salutis
1312 3200 1360 3226 per
1385 3200 1475 3219 conse—

835 3244 920 3270 quens
944 3238 972 3263 nt
995 3238 1132 3271 acquisitio
1157 3238 1230 3271 pacis
1248 3238 1291 3263 Vll
1317 3238 1368 3263 212
1388 3237 1421 3262 85
1441 3251 1474 3255 -

216 3284 294 3309 Stltus
310 3297 346 3301 —
365 3284 452 3308 nostra
466 3285 506 3308 est
517 3282 637 3308 voluntas
651 3282 705 3312 Dei,
718 3288 799 3314 quam
837 3281 951 3306 humana
978 3281 1086 3307 habebit
1114 3282 1279 3308 durationem
1305 3284 1475 3313 perpetuam,

161 3326 279 3353 Christus
297 3326 492 3353 consummavit
504 3332 551 3358 per
564 3333 632 3358 opus
643 3325 800 3358 redemptio·
836 3327 983 3350 transeunte
1001 3325 1079 3351 etiam
1100 3325 1230 3351 mundana
1249 3328 1367 3351 creatura
1386 3331 1475 3350 secun·

1512 362 1544 387 ἸΟ
1564 376 1598 380 -
1617 362 1729 387 debetur
1749 362 1948 394 praedestinatis
1968 362 2016 387 477
2040 363 2072 387 13

1567 420 1598 424 --
1618 406 1810 432 Salvandorum
1831 410 1913 431 status
1936 406 2087 437 intelligitur
2107 413 2153 437 per

1510 450 1637 481 triplicem
1662 451 1901 482 interpretationem
1926 450 2040 475 nominis
2059 450 2153 475 Mariae

1511 494 1553 519 vu
1579 495 1613 519 22
1639 494 1673 519 45
1694 508 1726 512 —
1746 494 1938 519 Salvandorum
1963 498 2044 519 status
2064 494 2153 518 intelli-

1510 537 1579 568 gitur
1599 545 1646 569 per
1665 541 1717 562 tres
1736 538 1873 569 Apostolos
1886 541 2017 563 assumtus
2030 537 2055 562 in
2070 541 2153 562 trans-

1509 581 1666 612 figuratione
1681 581 1783 606 Domini
1799 582 1850 606 230
1865 581 1897 606 45
1911 595 1945 600 --
1959 582 2152 607 salvandorum

1509 625 1598 656 triplex
1618 628 1700 650 status
1714 625 1861 656 intelligitur
1881 625 1904 650 in
1925 625 1994 655 Noe,
2009 626 2112 650 Daniele
2127 630 2154 651 et

1510 668 1554 693 lob
1576 668 1626 694 446
1647 669 1680 694 58

1562 726 1597 732 —
1617 714 1641 738 ln
1662 713 1732 738 omni
1762 716 1829 738 statu
1858 716 1919 738 sunt
1947 713 2025 746 aliqui
2046 712 2107 738 boni
2128 717 2153 739 et

1509 757 1588 790 aliqui
1608 757 1681 789 mali⁷
1701 757 1781 790 aliqui
1801 758 1860 783 iusti
1874 761 1899 782 et
1912 757 1991 790 aliqui
2009 758 2094 782 iniusti
2110 757 2153 783 Vll

1510 801 1560 826 446
1581 801 1613 826 58
1633 815 1669 820 —
1688 802 1714 827 ln
1733 801 1851 834 quolibet
1872 805 1940 827 statu
1966 802 2152 827 salvandorum

1509 846 1589 879 aliqui
1609 849 1685 871 erunt
1705 845 1766 872 boni
1786 849 1811 871 et
1829 846 1909 879 aliqui
1929 846 1990 871 mali
2007 846 2056 871 447
2072 846 2105 871 60
2119 860 2154 865 -

1561 891 1701 916 Suu-rulo
1720 905 1755 908 —
1773 894 1812 916 est
1832 897 1889 916 mos
1906 890 2060 916 Sanctorum
2080 893 2105 915 et
2128 890 2153 916 in

1509 935 1656 967 praeceptis
1678 935 1838 967 evangelicis
1861 935 1981 966 imposita
2002 934 2045 960 Vll
2065 935 2098 960 28
2118 935 2153 960 74

1509 993 1543 999 -
1563 979 1588 1005 in
1608 980 1650 1005 via
1671 986 1724 1005 non
1749 982 1788 1005 est
1812 979 1898 1005 danda
1924 982 2031 1011 propter
2051 986 2153 1005 consor-

1509 1024 1574 1050 tium
1595 1024 1667 1056 viae,
1686 1024 1733 1049 sed
1753 1024 1852 1056 patriae
1872 1024 1923 1049 255
1944 1024 1976 1048 10

1564 1069 1676 1094 Samum
1701 1082 1736 1087 —
1763 1068 1949 1100 interpretatur
1971 1068 2088 1094 custodia
2110 1068 2153 1094 ΥΠ

1511 1112 1561 1138 147
1583 1113 1625 1138 47.
1648 1112 1698 1138 433
1719 1114 1752 1138 23
1772 1126 1808 1132 -—
1827 1112 1956 1144 signisscat
1970 1116 2065 1138 statum
2080 1119 2153 1144 prae-

1510 1158 1621 1183 latorum
1642 1157 1692 1182 147
1714 1157 1746 1182 47

1563 1202 1739 1227 ΞΛΜΛῃιτΑικ-υε
1757 1215 1792 1220 -
1812 1201 1994 1232 interpretatur
2013 1203 2100 1226 custos
2118 1201 2151 1226 vt

1510 1246 1561 1271 369
1581 1246 1624 1271 74.
1642 1246 1682 1271 Vll
1704 1245 1749 1270 271
1775 1245 1808 1270 64

1561 1304 1597 1309 -
1609 1294 1718 1315 vocatus
1731 1293 1770 1315 est
1782 1289 1910 1315 Dominus
1928 1290 1959 1315 Vt
1980 1289 2029 1314 369
2050 1289 2093 1319 73,
2113 1289 2147 1315 74

1564 1349 1597 1353 -—
1616 1336 1720 1360 suerunt
1740 1335 1824 1360 coloni
1850 1334 1926 1366 positi
1952 1335 1977 1359 iu
2003 1333 2152 1359 cixitatibus

1510 1380 1643 1405 Samariae
1663 1386 1711 1411 pro
1731 1379 1789 1404 tiliis
1809 1379 1883 1404 lsrael
1899 1379 1923 1403 in
1938 1379 2058 1409 Assyrios
2075 1383 2152 1404 trans·

1509 1424 1565 1449 latis
1585 1424 1628 1449 Vll
1649 1423 1700 1448 247
1721 1423 1754 1448 96
1774 1437 1808 1442 -
1827 1423 1899 1448 missi
1919 1426 2017 1448 eranta
2032 1430 2096 1455 rege
2109 1424 2152 1448 As-

1509 1468 1640 1499 syriorum
1662 1468 1694 1493 vt
1715 1468 1765 1493 293
1786 1468 1819 1492 26
1840 1481 1874 1486 -
1894 1467 2035 1492 credebant
2054 1467 2154 1493 adven-

1511 1515 1565 1538 tum
1585 1512 1679 1538 Christi
1705 1512 1828 1543 promissi
1852 1511 1974 1543 gentibus
1994 1512 2045 1537 295
2066 1512 2098 1536 40
2118 1525 2153 1530 -

1510 1557 1605 1589 partim
1633 1557 1730 1588 Legem
1759 1556 1950 1587 observabant,
1977 1556 2069 1587 partim
2101 1563 2152 1581 non

1511 1602 1562 1627 369
1581 1601 1614 1626 73
1635 1615 1670 1620 -
1689 1602 1786 1633 Legem
1806 1599 1977 1626 admittebant
1997 1599 2048 1625 295
2069 1599 2101 1624 40
2118 1613 2152 1618 -

1510 1645 1660 1672 serviebant
1688 1646 1740 1671 Deo
1769 1648 1794 1671 et
1821 1645 1898 1670 idolis
1926 1644 1980 1669 suis
2006 1643 2039 1669 ib.
2065 1644 2097 1669 37
2119 1658 2152 1661 —

1510 1691 1593 1716 Deum
1615 1691 1722 1716 localem
1743 1689 1886 1715 credebant
1904 1688 1966 1714 ibid.

1562 1749 1597 1754 —
1617 1733 1805 1766 reputabantur
1820 1733 1950 1758 immundi
1970 1739 1983 1757 a
2004 1732 2105 1757 ludaeis
2120 1731 2151 1756 Vl

1510 1779 1560 1804 292
1581 1779 1623 1804 17.
1645 1779 1696 1803 293
1717 1778 1749 1803 24
1769 1784 1827 1809 arg.
1847 1777 1856 1802 t
1880 1790 1915 1795 —
1934 1777 2000 1801 lnter
2014 1776 2151 1800 Samarita-

1509 1830 1557 1849 nos
1575 1826 1601 1848 et
1621 1823 1729 1848 ludaeos
1748 1822 1781 1848 de
1799 1823 1856 1847 loco
1876 1820 2000 1846 orationis
2016 1824 2071 1845 erat
2090 1826 2149 1844 con-

1510 1867 1626 1893 trarietas
1646 1867 1688 1892 Vll
1709 1866 1759 1892 247
1779 1866 1812 1891 97
1826 1880 1861 1884 —
1875 1865 1993 1891 odientes
2011 1864 2149 1889 lerusalem

1509 1911 1631 1937 nolebant
1641 1914 1773 1942 praestare
1786 1910 1975 1936 humanitatem
1991 1909 2062 1934 eunti
2077 1909 2101 1933 in
2116 1909 2148 1933 le-

1509 1956 1620 1981 rusalem
1635 1954 1696 1981 ibid.
1709 1969 1744 1974 -
1757 1962 1807 1980 non
1822 1953 2026 1980 admittebantur
2039 1960 2099 1978 cuni
2114 1953 2149 1977 lu-

1509 2001 1582 2026 daeis
1607 2000 1639 2025 ad
1665 2000 1763 2025 cultum
1790 1999 1835 2024 Dei
1859 1997 1920 2024 ibid.
1942 2013 1976 2016 —
1996 1998 2022 2023 ln
2045 1997 2149 2022 civitate

1510 2045 1732 2070 Samaritanorum
1752 2050 1830 2069 nemo
1849 2046 1918 2073 erat,
1931 2042 1977 2075 qui
1992 2042 2101 2068 Domino
2114 2041 2150 2067 ci-

1510 2088 1573 2114 bum
1594 2089 1674 2120 gratis
1692 2088 1767 2114 daret
1786 2088 1817 2113 Vl
1838 2088 1889 2113 292
1910 2087 1942 2112 16

1562 2147 1597 2152 --
1616 2133 1783 2158 crediderunt
1796 2132 1828 2157 ad
1843 2131 2019 2157 testimonium
2034 2130 2149 2155 mulieris

1510 2177 1541 2201 Vl
1562 2177 1612 2202 298
1633 2177 1676 2202 59.
1695 2176 1746 2201 299
1766 2176 1799 2201 63
1820 2189 1854 2195 -
1873 2176 1931 2200 licet
1949 2182 2000 2200 non
2013 2174 2149 2200 crederent

1509 2221 1631 2251 tirmiter,
1651 2226 1738 2245 tamen
1764 2219 1907 2245 credebant
1930 2219 2025 2244 devote
2044 2218 2094 2243 298
2114 2218 2148 2243 59

1509 2279 1543 2282 —
1562 2265 1617 2290 solo
1636 2263 1719 2289 verbo
1738 2264 1848 2289 Domino
1868 2263 2036 2288 crediderunt
2050 2262 2096 2287 301
2114 2261 2148 2286 75

1511 2323 1541 2326 -
1564 2309 1610 2333 l‘er
1635 2314 1784 2333 sermonem
1804 2307 1898 2333 Christi
1924 2306 1988 2332 ssdes
2012 2306 2148 2331 Samarita-

1509 2359 1603 2377 norum
1623 2351 1792 2383 multiplicata
1810 2355 1850 2376 est
1874 2354 1899 2376 et
1924 2351 2076 2376 contlrmatr.
2095 2350 2147 2374 298

1510 2397 1552 2427 60,
1572 2396 1599 2421 61
1624 2410 1657 2414 -
1672 2396 1808 2421 audientes
1821 2395 1952 2421 Christum
1966 2394 2148 2425 crediderunt,

1509 2441 1582 2474 quod
1600 2441 1657 2472 ipse
1676 2444 1744 2466 esset
1763 2440 1880 2465 Salvator
1900 2439 1990 2465 mundi
2010 2437 2043 2464 ib.
2062 2438 2095 2463 62
2113 2451 2148 2457 -

1510 2486 1605 2511 devote
1629 2488 1790 2517 rogaverunt
1812 2484 1959 2515 Christum,
1979 2487 2007 2509 ut
2033 2486 2150 2509 maneret

1510 2529 1543 2556 ib.
1564 2531 1597 2555 60
1616 2543 1652 2549 -
1670 2532 1832 2561 rogaverunt
1850 2530 1948 2559 lesum,
1968 2531 1996 2553 ut
2022 2534 2084 2554 cum
2111 2527 2149 2552 eis

1511 2577 1628 2600 maneret
1647 2574 1689 2600 Vll
1709 2574 1760 2599 207
1780 2573 1814 2599 64

1564 2634 1597 2638 —
1616 2618 1733 2645 Christus
1752 2618 1920 2644 samaritanis
1945 2624 1996 2643 non
2019 2617 2150 2649 praedica—

1511 2664 1548 2690 vit
1561 2671 1592 2690 ex
1604 2663 1739 2696 proposito
1761 2663 1907 2695 principali,
1921 2662 1968 2688 sed
1980 2662 2042 2695 quia
2055 2668 2150 2693 oppor-

1510 2709 1606 2735 tunitas
1630 2715 1658 2733 se
1683 2707 1775 2734 obtulit
1794 2707 1827 2732 Vl
1847 2707 1897 2732 293
1918 2707 1951 2732 23
1970 2720 2006 2725 -
2024 2705 2151 2737 Discipuli

1511 2760 1562 2779 non
1581 2752 1713 2778 debebant
1731 2752 1832 2784 ingredi
1853 2752 1877 2777 in
1903 2751 2032 2776 civitatem
2060 2751 2150 2775 Sama—

1511 2798 1668 2828 ritanorum,
1688 2803 1721 2821 ne
1737 2796 1846 2821 ludaeos
1864 2795 2069 2821 scandalizarent
2087 2793 2150 2821 ibid.

1510 2856 1545 2860 —-
1559 2840 1721 2867 Prohibitum
1734 2840 1781 2865 tuit
1794 2840 1922 2871 Apostolis
1935 2839 2007 2871 apud
2020 2845 2066 2864 eos
2079 2845 2151 2870 prae-

1510 2885 1613 2915 dicare,
1632 2892 1686 2910 non
1704 2888 1791 2910 autem
1806 2883 1948 2915 hospitium
1961 2883 2095 2915 requirere
2109 2882 2150 2907 Vll

1512 2929 1563 2955 247
1584 2930 1617 2954 96

1564 2986 1599 2992 -
1618 2972 1745 2997 Dominus
1763 2978 1777 2996 a
1797 2971 1906 2996 muliere
1923 2971 1957 2996 de
1977 2971 2093 2996 Samaria
2106 2976 2151 3001 po·

1512 3021 1566 3043 tuin
1586 3016 1660 3049 petiit
1678 3016 1712 3040 Vt
1732 3016 1782 3041 292
1804 3015 1846 3040 15.
1865 3015 1916 3040 293
1936 3014 1970 3040 24
1984 3028 2019 3033 -
2034 3014 2151 3039 conside-

1511 3068 1584 3091 rans,
1604 3061 1688 3085 lesum
1707 3066 1765 3085 esse
1784 3059 1922 3089 ludaeum,
1943 3058 2024 3084 noluit
2047 3058 2150 3090 impen-

1511 3106 1573 3131 dere
1591 3103 1748 3137 obsequium
1769 3104 1820 3129 292
1841 3103 1873 3128 17
1893 3116 1927 3122 -
1946 3102 2062 3129 Christus
2078 3102 2151 3134 petiit

1512 3152 1603 3181 potum
1616 3155 1631 3173 a
1645 3148 1814 3178 Samaritana,
1827 3151 1856 3173 ut
1869 3154 1899 3173 ex
1912 3147 1968 3173 eius
1980 3147 2150 3178 responsione

1511 3192 1675 3218 occasionem
1694 3191 1807 3217 docendi
1826 3191 1933 3217 haberet
1952 3191 2002 3216 293
2023 3190 2056 3215 24
2072 3190 2101 3216 2·
2114 3204 2149 3210 —

1512 3236 1610 3262 Mulieri
1628 3235 1752 3261 excitatae
1771 3238 1796 3260 et
1814 3234 1983 3260 consentienti
2008 3238 2033 3260 et
2052 3235 2150 3266 petenti

1513 3280 1668 3312 proponitur
1686 3278 1799 3304 verbum
1818 3278 1878 3304 ndei
1893 3277 1926 3304 ib.
1941 3278 1974 3303 28
1987 3292 2021 3297 -
2034 3282 2062 3304 ut
2075 3285 2150 3310 prue-

1514 3326 1618 3356 paretur
1646 3322 1680 3348 nd
1707 3321 1819 3348 verbum
1849 3322 1909 3347 sldci
1932 3322 2133 3354 proponendum
