2476 3921
136 1655 285 1676 Corollarium.

137 2133 168 2153 De
184 2132 283 2153 insui-ma-

146 2160 203 2180 tione
212 2165 283 2185 respe-

155 2188 190 2206 ctu
206 2185 275 2206 rebel-

158 2213 208 2233 lium
230 2214 274 2232 tan·

146 2241 224 2264 guntui-
239 2239 288 2260 duo.

162 2451 192 2472 De
207 2451 282 2478 primo.

306 231 371 264 258

302 320 451 351 curarent
469 328 498 355 »;
517 315 570 348 sed
588 315 638 348 hic
655 314 805 357 imperat,
819 316 855 346 ut
867 313 948 346 dono
965 316 1092 355 accepto
1109 316 1258 352 utantur,

303 372 393 403 iuxta
408 369 492 411 quod
515 369 631 401 dicitur
655 368 775 409 primae
800 367 880 400 Petri
897 370 1029 409 quarto:
1052 379 1069 395 α
1085 367 1259 408 Unusquis—

302 433 363 466 que
380 424 461 456 sicut
484 422 603 464 accepit
625 421 776 463 gratiam,
800 420 832 452 in
853 420 1043 452 alterutrum
1060 420 1144 452 illam
1161 419 1260 452 admi-

302 477 469 509 nistrantes
485 488 500 503 ι»
526 478 584 507 etc.
610 492 654 497 —
678 474 713 505 Et
737 473 812 515 quia
835 472 957 505 curatio
981 472 1153 514 corporalis
1175 472 1260 504 ordi-

301 534 373 562 nata
395 531 463 561 erat
485 528 524 560 ad
548 527 806 560 illuminationem
831 525 963 564 mentis,
980 525 1049 558 ideo
1066 525 1194 558 subdit:
1220 526 1261 558 Et

301 581 397 613 (licite
420 580 504 619 illis:
530 578 847 622 Appropinquabit1
871 578 907 610 in
930 588 987 611 vos
1012 587 1152 620 reynum
1179 578 1260 615 Dei,-

301 635 332 667 in
363 643 426 676 quo
457 633 551 666 simul
573 633 732 666 clauditur
756 632 882 664 veritas
909 632 1098 670 doctrinae,
1131 631 1260 663 bonitas

298 687 431 730 9ratiae
454 689 485 719 et
515 686 704 718 sublimitas
725 685 872 727 gloriae,
897 684 1071 717 secundum
1104 684 1189 726 quod
1216 683 1260 716 sic

300 740 478 782 expositum
495 739 554 771 fuit
566 739 589 778 ²,
606 741 637 771 et
661 738 887 771 interlinearis
902 737 993 770 dicit:
1017 750 1032 766 α
1049 738 1189 779 Regnum
1205 735 1260 769 Dei

300 793 454 831 Christus,
470 792 519 825 vel
536 792 599 824 vita
614 795 752 830 aeterna,
769 791 818 824 vel
834 791 963 824 scientia
979 791 1216 832 Scripturarum
1229 803 1259 822 ».

301 847 337 879 Et
352 847 394 879 ita
410 845 712 889 appropinquavit,
729 845 855 887 quando
879 845 961 877 inter
984 853 1037 877 eos
1059 847 1146 882 erat,
1170 844 1262 876 iuxta

300 900 384 942 quod
407 899 523 932 dicitur
547 899 629 931 infra
651 899 772 932 decimo
796 898 977 940 septimo³:
1008 911 1023 927 «
1040 899 1180 940 Regnum
1204 897 1259 930 Dei

300 954 382 986 intra
398 962 453 986 vos
469 956 560 986 est».
574 953 654 986 Vere
666 952 941 994 appropinquavit,
954 961 1026 985 cum
1041 952 1092 984 ille
1105 951 1166 984 iam
1178 953 1260 984 esset

300 1015 466 1048 praesens,
490 1006 529 1039 de
556 1016 620 1048 quo
647 1006 763 1039 dicitur
787 1005 984 1048 Apocalypsis
1011 1005 1132 1038 decimo
1155 1014 1259 1043 nono,

300 1060 384 1103 quod
412 1073 427 1089 α
445 1060 581 1092 habebat
604 1059 636 1092 in
660 1059 846 1092 vestimento
870 1062 901 1091 et
926 1059 956 1091 in
974 1058 1091 1091 femore
1108 1067 1166 1090 suo
1182 1057 1260 1090 scri-

299 1117 405 1155 ptum:
425 1113 489 1146 Rex
514 1121 625 1155 regum
642 1116 673 1145 et
689 1112 841 1144 Dominus
857 1111 1085 1144 dominantium
1101 1124 1132 1143 ».
1158 1111 1194 1143 Et
1219 1110 1259 1143 si-

299 1169 431 1208 gnanter
454 1165 549 1198 dicit:
575 1166 615 1198 In
638 1175 714 1203 1203,
732 1165 762 1197 id
779 1168 843 1203 est,
862 1165 892 1197 in
909 1173 962 1197 eos
978 1165 1032 1206 qui
1054 1164 1187 1197 verbum
1204 1163 1259 1196 Dei

299 1219 475 1261 suscipiunt
491 1228 547 1260 per
564 1219 674 1257 fidem,
691 1218 729 1251 de
746 1218 863 1261 quibus
887 1218 1085 1260 Apocalypsis
1101 1218 1212 1260 quinto
1223 1219 1237 1236 ⁴
1252 1229 1258 1249 ε

304 1286 319 1301 «
337 1272 445 1305 Fecisti
470 1281 527 1305 nos
551 1273 614 1305 Deo
637 1275 745 1304 nostro
762 1280 895 1314 regnum
909 1297 916 1310 ,
940 1275 972 1304 et
989 1271 1191 1313 regnabimus
1207 1280 1260 1303 su-

300 1335 357 1367 per
381 1329 498 1358 terram
516 1338 546 1364 »3
579 1328 610 1358 et
634 1334 690 1367 per
713 1325 847 1367 gratiam
870 1324 960 1363 fidei,
985 1324 1159 1357 secundum
1183 1323 1261 1356 illud

301 1379 339 1412 ad
355 1379 552 1412 Colossenses
569 1378 671 1420 primo
683 1404 691 1417 ,
718 1391 733 1406 α
750 1378 865 1419 eripuit
883 1387 940 1410 nos
955 1378 994 1410 de
1007 1380 1160 1419 potestate
1176 1380 1261 1409 tene-

302 1433 433 1465 brarum
457 1435 488 1471 et
512 1431 673 1464 transtulit
696 1431 728 1464 in
750 1440 882 1473 regnum
900 1431 964 1463 Filii
983 1430 1122 1463 caritaus
1138 1439 1214 1463 suae
1229 1444 1260 1462 ι».

301 1505 346 1509 -
369 1486 417 1518 Sic
441 1485 537 1527 igitur
561 1488 662 1527 patet,
687 1485 823 1527 qualiter
848 1493 881 1516 se
904 1484 1059 1517 debebant
1082 1484 1199 1516 habere
1223 1483 1262 1516 ad

302 1539 426 1576 fideles,
451 1538 525 1580 quia
548 1538 703 1571 debebant
727 1538 867 1580 recipere
891 1538 1081 1579 stipendium
1106 1539 1262 1570 sustenta—

302 1592 395 1625 tionis
419 1596 449 1625 et
473 1592 652 1624 ministrare
683 1591 870 1624 heneficium
903 1591 1075 1624 curationis
1102 1594 1132 1623 et
1156 1590 1262 1623 erudi-

301 1646 403 1678 tionis.
428 1645 486 1687 Qui
511 1654 586 1687 ergo
610 1654 670 1677 non
697 1644 875 1677 ministrant
899 1645 976 1677 haec
1001 1644 1151 1677 beneficia
1170 1643 1263 1685 spiri·

302 1698 398 1730 tualia
422 1698 526 1730 minus
547 1697 699 1739 condigna
715 1697 891 1739 suscipiunt
907 1697 1060 1739 stipendia
1076 1697 1261 1738 corporalia.

302 1752 388 1784 L'nde
412 1751 628 1793 Gregorius⁵:
659 1765 674 1779 «
691 1751 771 1793 Quid
796 1751 833 1783 ad
860 1752 936 1784 haec
953 1751 1097 1783 doctores
1113 1750 1261 1790 dicimus,

302 1805 375 1847 qui,
399 1804 513 1837 Christi
538 1804 707 1837 adventum
733 1801 990 1846 praecurrentes,
1015 1803 1281 1837 ecclesiasticumv

301 1858 439 1891 officium
464 1858 653 1900 suscipimus
677 1861 708 1890 et
729 1858 806 1890 muti
825 1867 937 1900 panem
954 1857 1148 1890 comedimus
1165 1861 1201 1889 n?
1227 1857 1262 1889 Et

303 1911 481 1944 Bernardus
493 1912 506 1930 ⁶
521 1924 528 1943 .-
558 1924 574 1939 «
591 1912 722 1944 Venient
738 1915 810 1944 ante
828 1912 966 1944 tribunal
991 1911 1113 1949 iudicis,
1131 1911 1183 1943 ubi
1201 1911 1263 1943 erit

302 1973 478 2006 pauperum
502 1964 645 2006 allegatio
676 1964 775 2003 dura,
800 1964 958 1997 accusatio
981 1963 1103 2005 gravis,
1125 1972 1263 2005 quorum

302 2017 411 2049 vixere
436 2017 597 2058 stipendiis
621 2026 678 2050 nec
701 2017 824 2049 diluere
847 2020 975 2059 peccata
990 2030 1020 2047 ι».

395 2071 444 2102 18.
462 2070 564 2110 (Vers.
593 2070 667 2111 io).
685 2070 726 2102 In
741 2078 984 2113 quamcumque
996 2069 1008 2088 ⁷
1031 2068 1195 2101 civitatem
1212 2067 1263 2100 in-

302 2124 481 2157 traveritis.
508 2124 577 2156 Post
601 2123 851 2155 informationem
868 2125 1015 2164 respectu
1032 2122 1171 2154 fidelium
1188 2121 1264 2154 sub-

301 2177 387 2209 ditur
419 2175 615 2218 informatio
648 2180 796 2217 respectu
827 2175 1019 2214 rebellium,
1051 2175 1135 2207 circa
1167 2183 1263 2217 quam

301 2229 364 2261 duo
388 2228 654 2261 introducuntur:
679 2228 817 2270 primum
835 2231 882 2260 est
898 2228 1088 2260 contestatio
1111 2227 1264 2259 veritatis

304 2282 497 2325 Evangelii,
537 2281 708 2314 secundum
745 2284 793 2314 est
827 2281 1041 2314 comminatio
1079 2281 1264 2313 severitatis

303 2336 431 2373 iudicii.

394 2389 496 2422 Primo
520 2389 616 2430 igitur
640 2391 794 2431 quantum
824 2388 861 2421 ad
890 2388 1154 2421 contestationem
1178 2387 1264 2420 veri-

303 2443 381 2475 tatis
412 2442 584 2485 annyeliz'
606 2442 742 2475 dicitur:
768 2443 808 2474 In
832 2451 1076 2486 quamcumque
1099 2441 1263 2474 civitatem

375 2589 383 2603 ¹
405 2590 438 2614 lta
458 2589 535 2614 etiam
555 2588 632 2614 Card.
652 2590 742 2620 lingo,
763 2590 790 2614 B.
811 2589 922 2621 Albert.,
941 2590 1075 2614 Gorranus
1093 2592 1119 2614 et
1132 2586 1263 2620 Lyranus;

306 2633 432 2664 Vulgata,
451 2633 472 2657 11
492 2636 517 2658 et
538 2633 594 2658 Vat.
614 2632 851 2666 appropinquavit.

376 2675 386 2690 ²
406 2676 469 2708 Cap.
489 2677 515 2701 9.
534 2684 559 2701 n.
579 2677 603 2701 3.
622 2689 658 2694 —
676 2677 794 2701 Glossam
813 2683 869 2708 seq.
889 2683 941 2701 non
956 2676 1123 2706 invenimus,
1142 2679 1264 2701 notentur

307 2719 388 2744 verba
408 2720 436 2745 Β.
456 2719 568 2749 Α11)8Γῑ.,
587 2719 613 2744 iu
634 2720 695 2744 Luc.
717 2720 764 2751 10,
784 2720 817 2744 9:
840 2729 851 2741 ιι
867 2719 933 2744 Dicit
953 2722 1040 2744 tamen
1059 2719 1148 2743 Glossa
1163 2718 1265 2744 interli-

306 2763 410 2795 nearis,
440 2771 508 2796 quae
527 2762 696 2796 maqistralis
715 2767 768 2795 est,
787 2764 860 2796 quod
880 2770 992 2794 regnum
1013 2764 1146 2788 caelorum
1166 2766 1205 2788 est
1223 2763 1265 2788 vel

306 2807 437 2839 Christus,
450 2808 492 2832 vel
506 2808 558 2832 vita
573 2811 691 2843 aeterna,
706 2808 746 2832 vel
761 2808 893 2838 Scriptura
910 2817 934 2832 n.
956 2807 1008 2833 Ctr.
1023 2810 1110 2832 tamen
1123 2808 1214 2832 Glossa
1228 2808 1264 2832 in-

307 2851 459 2877 teriinenris
479 2852 503 2876 in
525 2852 609 2876 Matth.
631 2851 659 2881 4,
680 2852 729 2876 t7:
754 2851 993 2888 *Appropinquavit
1011 2851 1143 2885 [Lyranus
1163 2853 1265 2884 Appro-

304 2894 460 2928 pinquabit]
479 2895 549 2921 enim
568 2902 685 2928 reanum
704 2895 858 2927 caelorum,
889 2895 917 2921 id
944 2898 983 2921 est
1004 2895 1122 2921 Christus
1141 2895 1187 2927 qui
1205 2895 1264 2925 dat,

308 2939 350 2963 vel
370 2939 496 2970 Ecclesia,
521 2939 563 2964 cui
583 2940 743 2971 promissum
763 2943 801 2965 est
820 2943 845 2965 et
864 2943 994 2971 paratum.
1013 2940 1146 2971 messam,
1166 2940 1193 2964 in
1212 2946 1264 2971 qua

308 2989 419 3013 regnum
450 2983 496 3008 Dei
527 2983 621 3008 dicitur
653 2984 819 3015 intelligentia
851 2983 1059 3015 scripturarum,
1092 2983 1154 3008 vide
1184 2989 1264 3014 supra

309 3033 371 3058 pag.
393 3026 456 3056 192,
476 3029 534 3051 nota
556 3027 598 3051 ⁴0.

379 3067 390 3082 ⁸
411 3069 484 3094 Vers.
504 3070 546 3099 21,
567 3072 626 3100 post
644 3078 722 3102 quem
743 3072 824 3103 apoc.
846 3071 893 3103 19,
914 3071 956 3096 16.
970 3084 1004 3089 —
1018 3071 1066 3097 Pro
1085 3071 1150 3096 Vere
1168 3076 1265 3104 appro-

305 3112 448 3147 pinquavit
467 3113 510 3140 (ita
530 3113 591 3146 CD)
613 3115 669 3139 vat.
694 3115 758 3141 Vere
776 3115 1051 3149 appropinquaverat.

379 3156 390 3170 ⁴
412 3157 484 3182 Vers.
507 3158 547 3181 to.
565 3171 600 3175 —
619 3159 742 3190 Sequitur
760 3158 815 3184 Col.
838 3159 862 3190 1,
883 3160 930 3191 13,
949 3159 975 3184 in
994 3153 1069 3185 cuius
1088 3159 1142 3184 fine
1154 3159 1266 3190 Vulgata

308 3205 334 3227 et
353 3201 412 3226 Vat.
431 3200 577 3228 dilectionis
595 3208 669 3227 suae.

379 3243 390 3259 ⁶
410 3245 479 3271 Libr.
499 3245 578 3270 xxu.
598 3246 685 3271 ltioral.
704 3252 726 3270 e.
747 3247 789 3272 22.
810 3254 833 3272 n.
855 3247 906 3272 53:
926 3247 994 3280 Quid
1014 3247 1045 3273 ad
1067 3248 1132 3273 haec
1155 3253 1205 3272 nos
1224 3253 1267 3278 pn-

309 3293 391 3315 stores
410 3290 523 3316 dicimus
542 3293 590 3315 etc.
609 3303 644 3309 -
663 3290 790 3321 Superius
809 3298 857 3322 pro
876 3290 967 3317 minus
986 3291 1123 3325 condiqna
1140 3291 1162 3316 Η
1175 3290 1267 3317 minus

309 3334 401 3368 (lique,
420 3334 502 3361 immo
521 3334 643 3368 indique,
666 3335 723 3359 Vat.
742 3334 833 3361 minus
852 3334 920 3361 iuste
938 3337 962 3362 et
980 3335 1097 3369 indigne.

380 3377 392 3392 ⁰
412 3371 597 3404 Declamation.
616 3378 671 3411 (cfr.
693 3385 772 3410 supra
793 3385 855 3411 pag.
875 3380 938 3412 228,
958 3384 1017 3405 nota
1032 3380 1068 3413 8.)
1083 3380 1151 3406 XVl.
1170 3387 1196 3405 n.
1216 3380 1267 3405 ⁴19:

900 225 1093 258 COMMENT.
1119 225 1155 257 ΙΝ
1180 224 1420 258 EVANGELIUM
1443 225 1562 258 LUCAE
1586 225 1618 258 C.
1643 225 1678 258 X.

1325 313 1551 352 intraveritis,
1575 314 1615 346 ad
1637 314 1778 347 veritatis
1802 314 2023 356 praeconium,
2047 314 2222 347 secundum
2249 315 2289 347 il-

1324 366 1379 399 lud
1396 367 1529 399 Actuum
1545 367 1666 400 decimo
1682 367 1815 409 septimo
1827 367 1840 386 ⁸
1855 379 1862 399 :
1885 379 1901 395 α
1917 367 1996 399 Cum
2013 367 2172 400 venissent
2188 368 2287 401 Thes-

1324 420 1491 452 salonicam
1503 446 1510 459 ,
1535 420 1589 452 ubi
1607 424 1675 453 erat
1691 430 1848 462 synagoga
1864 420 2066 459 Iudaeorum,
2090 420 2232 453 introivit
2247 421 2287 454 ad

1324 481 1377 505 eos
1389 473 1504 505 Paulus
1516 476 1547 505 et
1563 473 1736 506 disserebat
1752 473 1797 506 eis
1812 472 1851 506 de
1868 473 2040 514 Scripturis
2056 487 2086 505 ι».
2105 491 2147 497 -
2165 474 2205 506 Ει
2219 483 2287 506 non

1324 526 1504 567 receperint
1516 526 1529 544 ⁹
1552 535 1628 564 vos,
1645 535 1702 567 per
1718 526 1859 559 veritatis
1881 526 2024 558 auditum
2036 552 2044 565 ‚
2061 526 2116 568 qui
2133 529 2180 559 est
2196 535 2288 568 prae-

1324 577 1518 611 dicatoribus
1542 579 1842 618 accommodandus,
1867 579 1949 612 sicut
1971 579 2089 611 dicitur
2113 579 2207 612 tertia
2229 579 2287 611 Ca-

1325 631 1436 663 nonica
1461 631 1602 664 loannis:
1632 644 1647 660 α
1665 632 1725 664 Nos
1740 632 1891 664 debemus
1908 632 2069 674 suscipere
2093 632 2286 671 huiusmodi,

1326 687 1362 715 ut
1385 688 1604 725 cooperatores
1627 685 1726 718 simus
1756 685 1906 718 veritatis.
1932 685 2133 727 Seripsissem
2157 685 2288 718 forsitan

1327 737 1493 776 Ecclesiae,
1518 737 1572 770 sed
1596 737 1622 770 is
1645 737 1699 779 qui
1729 740 1814 769 amat
1838 737 2009 779 primatum
2032 747 2144 780 gerere
2167 738 2199 771 in
2223 738 2287 778 eis,

1326 790 1530 831 Diotrephes‚
1551 799 1613 822 non
1638 790 1749 832 recipit
1765 799 1822 823 nos
1839 803 1869 822 n.
1886 809 1930 814 —
1948 792 2111 823 Eat-euntes
2126 792 2162 823 in
2175 791 2289 833 platea

1325 843 1415 881 eius,
1440 842 1479 875 ad
1503 843 1644 876 veritatis
1661 844 1892 882 testimonium,
1917 847 2047 886 propter
2071 845 2156 887 quod
2171 844 2288 882 dicitur

1325 896 1470 929 Matthaei
1494 896 1615 929 decimo
1629 897 1675 929 1⁰:
1706 910 1720 925 α
1739 897 1827 938 Quod
1843 897 1912 930 dico
1929 897 2018 930 vobis
2034 897 2064 929 in
2083 898 2222 931 tenebris
2241 898 2289 930 di-

1324 949 1384 982 cite
1407 950 1438 982 in
1464 950 1600 988 lumine,
1623 952 1655 982 et
1678 950 1762 992 quod
1792 950 1822 982 in
1855 959 1933 983 aure
1963 950 2079 983 auditis
2110 951 2288 993 praedicate

1324 1012 1421 1045 super
1445 1006 1526 1035 tecta
1542 1017 1572 1035 n.

1417 1057 1466 1088 19.
1485 1056 1586 1097 (Vers.
1615 1057 1689 1090 113.
1719 1056 1879 1089 Dieite¹¹.·
1906 1057 2017 1089 Etiam
2042 1056 2211 1099 pulverem
2231 1067 2287 1099 pe·
2299 1069 2370 1096 Quare
2384 1068 2439 1096 puni

1324 1109 1424 1148 dum,
1448 1109 1507 1153 qui
1530 1108 1682 1142 adhaesit
1705 1109 1798 1142 nobis
1821 1110 1860 1142 de
1882 1110 2013 1142 civitate
2036 1114 2166 1148 vestra,
2183 1114 2288 1142 exter·
2302 1121 2441 1149 extergendus

1321 1163 1435 1206 yimus
1459 1163 1495 1195 in
1517 1173 1593 1202 vos,
1618 1166 1748 1205 propter
1775 1163 1916 1196 veritatis
1940 1166 2174 1205 contemptum,
2203 1163 2287 1206 quod

1324 1220 1372 1250 est
1406 1220 1568 1259 peccatum
1605 1217 1695 1250 valde
1730 1217 1967 1256 detestandum,
2004 1217 2179 1250 secundum
2211 1217 2290 1250 illud

1325 1270 1447 1303 Ioannis
1469 1270 1590 1303 decimo
1614 1270 1743 1312 quinto:
1773 1283 1788 1299 «
1806 1270 1835 1302 Si
1860 1279 1921 1302 non
1945 1270 2099 1303 venissem
2117 1273 2149 1303 et
2165 1270 2290 1303 locutus

1325 1323 1454 1356 fuissem
1478 1323 1540 1362 eis,
1566 1327 1728 1365 peccatum
1760 1332 1823 1356 non
1855 1323 2056 1356 haberent».
2090 1324 2125 1356 Et
2149 1323 2218 1356 ideo
2249 1323 2288 1355 ad

1326 1377 1423 1409 huius
1454 1376 1557 1409 delicti
1589 1377 1826 1410 detestationem
1859 1377 1934 1409 dicit
1962 1376 2133 1418 pulverem
2165 1376 2290 1409 abster-

1324 1429 1490 1472 9enctum,
1515 1429 1596 1462 sicut
1622 1430 1732 1462 Petrus
1756 1430 1872 1462 Simoni
1898 1430 2032 1462 Actuum
2049 1432 2180 1462 octavo:
2202 1442 2217 1458 «ι
2235 1430 2290 1463 Pe-

1327 1482 1420 1515 cunia
1444 1486 1499 1514 tua
1516 1485 1620 1515 tecum
1645 1482 1685 1515 sit
1702 1483 1732 1515 in
1750 1482 1956 1524 perditionem
1974 1496 2004 1514 ».
2021 1501 2067 1506 -
2090 1483 2214 1516 Tamen
2229 1481 2290 1515 ltoc

1326 1535 1457 1574 scitote,
1475 1535 1557 1578 quia
1574 1535 1859 1579 appropinquabit
1872 1535 1898 1555 ¹²
1922 1546 2062 1578 reynum
2087 1536 2166 1575 Dei,
2190 1536 2222 1569 id
2242 1539 2291 1569 est

1327 1588 1443 1621 veritas
1472 1588 1645 1630 Evangelii,
1670 1588 1844 1621 secundum
1868 1589 1945 1621 illud
1970 1589 2115 1622 Matthaei
2139 1589 2290 1631 vigesimo

1327 1644 1462 1684 quarto:
1484 1654 1499 1669 «ι
1518 1641 1752 1674 Praedicabitur
1767 1641 1827 1673 hoc
1845 1641 2047 1683 Evangelium
2065 1642 2153 1684 regni
2170 1642 2202 1674 in
2218 1642 2290 1674 uni-

1327 1704 1419 1728 verso
1450 1695 1526 1727 orbe
1550 1694 1581 1726 in
1606 1694 1820 1727 testimonium
1849 1694 1996 1726 omnibus
2020 1694 2167 1736 gentibus
2189 1708 2221 1734 »‚
2253 1698 2290 1727 ut

1327 1748 1435 1780 nullus
1458 1747 1556 1790 possit
1579 1756 1612 1780 se
1637 1756 1693 1789 per
1725 1747 1934 1789 ignorantiam
1966 1755 2131 1779 excusare.
2158 1747 2193 1779 Et
2216 1756 2290 1789 pro-

1327 1804 1452 1844 pterea,
1477 1804 1513 1833 ut
1537 1801 1596 1833 hoc
1629 1800 1754 1842 publice
1778 1800 1848 1839 fiat,
1874 1800 1961 1833 iubet
1985 1800 2021 1832 in
2041 1799 2161 1842 plateis
2184 1804 2291 1832 exter-

1325 1864 1401 1897 9ere
1421 1854 1589 1896 pulverem
1600 1880 1610 1893 ,
1635 1863 1731 1895 super
1749 1863 1812 1896 quo
1828 1853 1904 1886 dicit
1920 1853 2129 1895 Hieronymus
2143 1854 2168 1873 ¹³
2179 1880 2186 1893 ‚
2203 1854 2288 1896 quod

1327 1908 1386 1940 hoc
1410 1907 1498 1940 iubet
1526 1920 1541 1935 a
1559 1907 1590 1939 in
1615 1907 1848 1945 testimonium,
1870 1907 1954 1949 quod
1972 1907 2161 1949 praedicatio
2177 1916 2289 1940 eorum

1327 1960 1509 2001 pervenerit
1540 1968 1643 2001 usque
1674 1960 1713 1992 ad
1744 1960 1828 1992 illam
1861 1960 2067 1993 civitatem».
2101 1961 2137 1993 Et
2160 1960 2203 1993 ita
2226 1970 2289 1994 non

1328 2013 1444 2045 habent
1467 2012 1702 2045 excusationem
1726 2012 1764 2045 de
1788 2013 1979 2046 infidelitate.

1418 2066 1470 2097 20.
1496 2065 1674 2098 Secundum
1690 2065 1902 2107 spiritualem
1918 2069 2024 2099 autem
2041 2066 2289 2109 intelligentiam

1325 2119 1423 2161 pedes
1441 2118 1675 2161 Apostolorum
1691 2122 1765 2151 sunt
1781 2119 1912 2151 affectus
1928 2119 2181 2161 praedicatorum
2192 2146 2200 2159 ,
2217 2121 2289 2162 qui-

1328 2173 1388 2206 bus
1412 2172 1530 2214 triplex
1554 2171 1658 2213 pulvis
1682 2171 1845 2204 consuevit
1868 2171 2056 2210 adhaerere,
2081 2172 2199 2205 scilieet
2214 2172 2290 2206 ina-

1327 2226 1382 2258 nis
1403 2225 1551 2268 plamae,
1575 2225 1614 2258 de
1642 2234 1706 2267 quo
1730 2225 1763 2262 in
1786 2225 1908 2257 Psalmo
1922 2225 1965 2256 ¹⁴:
1995 2237 2010 2253 «
2027 2225 2163 2257 Gloriam
2188 2234 2290 2260 meam

1328 2280 1360 2312 in
1384 2280 1548 2322 pulverem
1571 2278 1753 2317 deducat»;
1785 2278 2027 2321 intliynationis
2057 2282 2085 2311 et
2116 2279 2292 2321 impatien-

1329 2333 1412 2371 tiae,
1436 2332 1475 2365 de
1498 2341 1562 2374 quo
1586 2332 1742 2364 Michaeae
1765 2331 1919 2373 septimo:
1947 2343 1963 2359 α
1979 2331 2109 2373 Lingent
2126 2332 2291 2373 pulverem

1328 2386 1410 2419 sicut
1433 2394 1563 2427 serpens
1579 2397 1609 2424 »;
1634 2384 1828 2426 cupiditatis
1851 2389 1879 2417 et
1903 2385 2089 2424 avaritiae,
2115 2384 2290 2418 secundum

1328 2439 1406 2472 illud
1424 2438 1627 2471 Ecclesiastici
1651 2438 1801 2480 vigesimo
1824 2438 1978 2480 septimo:
2009 2451 2024 2467 α
2042 2438 2074 2470 ln
2098 2447 2292 2480 percussura

1330 2587 1454 2617 Venient,
1474 2586 1579 2611 venient
1592 2588 1650 2611 ante
1664 2585 1776 2610 tribunal
1790 2584 1884 2610 Christi
1896 2594 1902 2615 ;
1921 2585 2042 2610 audietur
2057 2584 2214 2616 populorum
2228 2580 2292 2617 'que-

1328 2632 1380 2657 rela
1400 2631 1504 2663 gravis.
1523 2630 1656 2656 accusatio
1676 2630 1756 2661 dura,
1776 2636 1890 2662 quorum
1911 2633 1960 2654 etc.

1399 2673 1409 2688 ⁷
1429 2674 1480 2700 Ctr.
1500 2681 1579 2706 supra
1600 2680 1660 2705 pag.
1681 2673 1748 2705 257,
1767 2676 1827 2698 nota
1847 2674 1873 2698 2.

1399 2717 1410 2732 Β
1431 2719 1504 2743 Vei-s.
1528 2719 1549 2743 i.
1569 2721 1595 2743 et
1614 2719 1638 2743 2.
1657 2731 1692 2736 —
1713 2717 1839 2748 Superius
1868 2719 1927 2748 post
1942 2716 2122 2750 praeconium
2142 2717 2200 2742 Vat.
2218 2716 2292 2742 addit

1327 2762 1552 2796 praedicandum.

1399 2806 1411 2821 ⁹
1431 2808 1463 2833 lta
1483 2807 1562 2832 etiam
1584 2806 1668 2838 Beda,
1688 2807 1716 2831 B.
1737 2805 1833 2831 Albert.
1852 2808 1878 2830 ct
1896 2807 2047 2835 Geminus:
2067 2805 2088 2830 H
2107 2808 2133 2830 et
2153 2805 2211 2830 Vat.
2228 2811 2290 2830 cum

1330 2852 1440 2883 Vulgata
1468 2850 1654 2884 susceperint;
1682 2852 1730 2876 cfr.
1754 2857 1835 2882 supra
1861 2851 1892 2880 9,
1912 2850 1936 2875 5.
1955 2863 1992 2869 —
2011 2849 2127 2875 Subinde
2145 2849 2292 2881 allegantur

1330 2896 1367 2921 ΙΙΙ.
1386 2897 1455 2921 loun.
1475 2903 1501 2920 v.
1522 2896 1546 2920 8.
1566 2898 1592 2920 et
1610 2895 1635 2920 9.

1401 2938 1423 2952 ¹⁰
1444 2940 1517 2964 Vers.
1536 2938 1579 2964 27.
1601 2952 1633 2956 —-
1653 2938 1780 2970 Superius
1799 2940 1857 2970 post
1877 2937 2059 2964 testimonium
2079 2938 2135 2963 Vat.
2159 2937 2233 2963 addit
2257 2939 2291 2964 te·

1328 2983 1510 3017 stificanaelum.

1401 3026 1421 3041 ¹¹
1443 3026 1559 3053 Verbum
1581 3025 1663 3053 Dicite
1676 3027 1702 3051 in
1716 3026 1826 3057 Vulgata
1847 3026 1958 3058 pertinet
1977 3025 2009 3051 ad
2025 3033 2051 3051 v.
2068 3026 2115 3057 to,
2128 3032 2198 3058 quae
2211 3025 2290 3051 etiam

1329 3070 1441 3096 subinde
1460 3070 1555 3095 omittit
1573 3077 1634 3095 cum
1654 3070 1674 3094 ll
1695 3072 1720 3094 et
1740 3070 1798 3095 Vat.
1817 3068 1932 3102 pedum,
1955 3068 2027 3101 quod
2048 3071 2134 3094 tamen
2154 3067 2291 3093 exhibetur

1330 3122 1344 3140 a
1365 3115 1393 3140 Β.
1411 3114 1516 3140 Alberto
1536 3117 1561 3139 et
1580 3115 1606 3139 S.
1627 3114 1730 3139 Thema
1750 3113 1816 3145 (Cat.
1834 3120 1913 3138 aurea
1933 3113 1958 3138 in
1978 3113 2039 3138 Luc.
2060 3113 2104 3138 10.
2122 3119 2149 3137 n.
2170 3113 2224 3144 3.);
2244 3113 2291 3138 cfr.

1330 3165 1410 3191 supra
1431 3159 1461 3190 9,
1481 3159 1506 3184 5.
1525 3171 1561 3177 -
1581 3158 1637 3183 Duo
1656 3165 1731 3190 seqq.
1750 3158 1800 3183 loci
1819 3161 1880 3183 sunt
1894 3158 1963 3183 ioan.
1977 3156 2024 3187 15,
2039 3157 2083 3182 22.
2095 3158 2120 3181 et
2133 3157 2189 3181 Act.
2203 3156 2232 3188 8,
2246 3156 2291 3181 20.

1402 3201 1424 3216 ¹³
1443 3202 1496 3228 ca.
1514 3209 1593 3233 supra
1613 3205 1675 3227 nota
1695 3202 1719 3227 1.
1738 3215 1774 3221 —
1792 3201 1916 3234 Sequitur
1935 3201 2023 3226 Matth.
2042 3199 2085 3230 24,
2106 3199 2149 3224 it.

1402 3245 1424 3261 ¹⁸
1445 3247 1512 3273 Vide
1531 3253 1611 3278 supra
1631 3253 1692 3278 pag.
1712 3246 1778 3278 219,
1798 3249 1886 3271 notam
1907 3246 1931 3270 9.

1403 3290 1425 3305 ¹¹
1444 3292 1537 3317 Psalm.
1557 3291 1588 3321 ’7,
1607 3291 1633 3315 6.
1652 3291 1704 3316 Csr.
1722 3296 1801 3322 supra
1821 3297 1844 3315 c.
1862 3290 1889 3314 9.
1901 3296 1929 3314 n.
1941 3289 1967 3314 9.
1985 3288 2010 3313 in
2025 3288 2085 3313 ssne.
2098 3300 2134 3308 —
2147 3288 2204 3314 Duo
2215 3294 2292 3321 seqq.

1331 3335 1379 3361 loc'l
1399 3338 1460 3361 sunt
1478 3335 1552 3360 Mica.
1570 3334 1601 3367 7,
1623 3334 1664 3360 17.
1683 3337 1708 3360 et
1729 3334 1803 3360 Eecli.
1823 3333 1871 3365 27,
1890 3332 1916 3358 ὅ.

2335 1095 2413 1122 pedum

2322 2076 2430 2104 Expositi«)

2314 2103 2438 2130 spiritualis.

2309 2130 2401 2178 Triplffi·
2409 2129 2443 2157 pul
2474 2145 2476 2178 Ι
