2476 3921
12 705 111 729 „Additur
127 705 169 727 cla-

48 732 143 755 ritieatlo.

5 1713 117 1735 Subditm·
128 1719 165 1735 no-

5 1746 80 1789 ιῖιόιιιέἑε
88 1746 164 1768 appro-

790 187 982 220 COMMENT.
1010 188 1046 220 1N
1070 188 1307 222 EVANGELIUM
1333 190 1504 241 Lucae-C.
1532 193 1562 224 ll.

185 274 450 307 circumcisionis
482 275 782 313 introductionem,·
811 275 958 308 leremiae
981 276 1142 317 quarto¹:

177 340 205 355 -«
222 326 485 360 Circumcidimini
517 327 650 359 Domino
681 331 712 360 et
740 321 861 360 auferte
885 328 1051 369 praeputia
1074 336 1143 360 cor-

175 379 271 412 -dium
297 382 494 418 vestrorum,
527 379 585 412 viri
620 379 740 412 luda».
774 380 853 412 Tum
886 380 980 412 etiam
1013 382 1143 421 propter

184 431 429 475 conformitatis
451 438 480 465 et
508 433 704 465 concordiae
735 433 1074 471 commendationem;
1105 433 1143 465 ad

184 485 338 518 Hebraeos
369 486 553 519 secundo2:
591 486 738 519 «Debuit
770 495 826 528 per
856 487 961 519 omnia
991 487 1144 519 fratribus

183 538 311 571 similari
330 552 358 570 ».
377 539 572 572 Bernardus:
592 551 607 567 «
620 540 746 571 Amator
761 540 996 572 communitatis
1012 543 1043 572 et
1059 549 1143 572 com-

182 591 346 624 mendator
371 592 472 630 lesus,
496 591 653 633 quomodo
677 592 760 624 illam
784 591 945 624 desereret
962 595 999 624 »ἵ

272 645 325 676 46.
350 644 468 677 Deinde
491 644 618 677 additur
647 644 847 685 clarificatio
865 648 1003 686 propter
1026 654 1144 677 nomen

183 697 394 740 impositum,
419 706 491 729 cum
514 697 679 730 subditur:
704 697 859 730 Vocatum
877 702 922 729 est
939 707 1056 730 nomen
1071 698 1143 729 eius

183 751 293 789 Iesus,
318 750 348 783 id
372 754 419 783 est
437 750 601 789 Salvator,
627 753 662 782 ut
685 750 803 783 scilicet
820 750 886 792 ipso
903 750 1028 783 nomine
1045 750 1142 789 scias,

181 803 264 846 quod
290 813 351 836 non
375 803 495 845 accepit
526 803 798 837 circumcisionem
824 807 953 845 propter
977 804 1143 837 necessita-

181 862 243 890 tem
268 866 344 890 suae
367 856 556 896 curationis,
581 856 635 890 sed
659 861 789 899 propter
805 857 1069 899 dispensationem
1087 866 1142 889 no-

181 914 264 944 strae
288 910 419 949 salutis;
445 910 497 942 lob
520 910 641 943 decimo
667 910 805 943 tertio³:
836 911 934 952 «lpse
959 911 1019 943 erit
1043 911 1143 943 salva-

181 968 230 997 tor
254 973 343 997 meus
361 978 390 995 n.
416 964 477 997 Hoc
500 967 606 996 autem
632 967 680 996 est
704 973 816 997 nomen
840 964 970 1006 dignum
987 964 1071 996 omni
1090 973 1143 997 ve-

179 1017 361 1055 neratione;
397 1017 436 1049 ad
471 1017 684 1059 Philippenses
719 1017 878 1050 secundo:
920 1031 936 1046 α
964 1017 1143 1050 Humiliavit

180 1069 383 1112 semetipsum
408 1073 466 1103 etc.
492 1070 621 1112 Propter
645 1070 729 1112 quod
753 1074 784 1103 et
815 1071 899 1104 Deus
926 1071 1077 1103 exaltavit
1106 1070 1142 1103 il—

180 1123 245 1156 lum
277 1126 308 1156 et
338 1123 465 1156 donavit
496 1124 539 1156 illi
573 1133 705 1163 nomen,
737 1125 822 1167 quod
854 1128 901 1157 est
930 1133 1026 1166 super
1050 1133 1142 1157 ornne

180 1185 311 1215 nomen,
345 1180 380 1209 ut
412 1177 443 1209 in
476 1177 601 1210 nomine
631 1177 699 1210 lesu
723 1187 815 1210 omne
838 1187 921 1220 genu
947 1177 1093 1210 flectatur
1110 1191 1140 1210 ».

180 1230 241 1262 Hoc
264 1232 369 1262 autem
395 1239 509 1263 nomen
534 1230 682 1272 competit
706 1230 763 1272 ipsi
788 1230 913 1263 Christo
929 1240 1003 1263 vere
1019 1233 1050 1263 et
1064 1232 1147 1272 pro-'

175 1284 270 1326 prie:
296 1293 388 1321 vere,
413 1283 586 1316 secundum
612 1283 689 1316 illud
713 1284 858 1316 Matthaei
876 1283 1027 1325 primo4:
1050 1296 1064 1311 «
1083 1284 1142 1316 Vo-

178 1336 264 1369 cabis
294 1345 408 1368 nomen
439 1336 508 1368 eius
540 1336 662 1375 lesum;
696 1337 762 1378 ipse
789 1336 872 1369 enim
897 1336 1019 1368 salvum
1050 1336 1142 1369 saciet

178 1389 330 1431 populum
356 1397 450 1421 suum
482 1398 500 1420 a
529 1389 664 1430 peccatis
687 1397 797 1421 eorum
817 1401 847 1427 »;
872 1388 1018 1421 convenit
1047 1388 1139 1420 etiam

174 1442 331 1484 proprie,
356 1441 529 1474 secundum
555 1441 633 1473 illud
656 1442 788 1473 Actuum
813 1443 949 1483 quarto:
979 1454 995 1469 «
1012 1441 1076 1472 Non
1094 1443 1142 1473 est

179 1495 211 1528 in
234 1495 341 1537 aliquo
365 1495 426 1527 alio
450 1494 544 1527 salus.
570 1494 631 1527 Nec
655 1495 737 1527 enim
762 1494 847 1526 aliud
872 1502 986 1526 nomen
1011 1496 1059 1526 est
1081 1494 1142 1526 sub

178 1541 264 1582 caelo
294 1548 403 1581 datum
436 1548 634 1586 hominibus,
667 1548 697 1580 in
731 1557 795 1590 quo
826 1550 969 1589 oporteat
998 1556 1054 1580 nos
1085 1547 1142 1579 sal-

178 1611 233 1635 vos
250 1602 317 1635 fleri
336 1615 366 1634 ».

266 1657 319 1688 47.
347 1656 505 1688 Postremo
528 1655 676 1687 subditur
692 1654 840 1697 impositi
854 1653 1001 1686 nominis
1017 1662 1142 1695 appro-

178 1709 265 1743 batio
278 1719 335 1752 per
348 1708 549 1751 praeconium
568 1708 755 1750 angelicum,
772 1716 843 1740 cum
862 1704 1028 1739 subdituri
1047 1706 1143 1749 Quod

177 1766 330 1795 vocatum
354 1765 400 1794 cst
423 1761 464 1794 ab
491 1760 633 1803 Anyeto,
659 1760 863 1803 priusquam
888 1759 923 1791 in
949 1762 1041 1790 utero
1065 1767 1142 1790 con-

177 1816 365 1858 ciperetm·;
390 1815 483 1848 lsaiae
500 1814 698 1856 sexagesimo
721 1813 859 1846 secundo
872 1813 884 1832 ⁵
900 1825 906 1844 :
936 1825 952 1840 «
970 1811 1141 1844 Vocabitur

178 1869 232 1902 tibi
257 1878 368 1901 nomen
394 1877 528 1906 novum,
554 1867 636 1909 quod
658 1875 693 1899 os
717 1866 839 1899 Domini
864 1865 1038 1898 nominabit
1053 1876 1085 1903 »;
1110 1867 1141 1897 et

177 1922 379 1955 Ecclesiastae
408 1924 519 1954 sexto:
550 1933 565 1949 α
581 1920 641 1962 Qui
664 1917 795 1953 futurus
818 1922 884 1958 est,
908 1919 969 1951 iam
993 1913 1139 1951 vocatum

177 1979 223 2008 est
247 1983 360 2007 nomen
384 1974 470 2013 eius,
495 1977 526 2007 et
550 1973 667 2013 scitur,
691 1973 776 2016 quod
794 1973 887 2006 homo
911 1972 997 2005 sit».
1024 1972 1059 2004 Et
1080 1971 1140 2004 hoc

177 2028 304 2071 quidem
335 2028 451 2061 sactum
481 2031 528 2060 est
555 2036 661 2066 nunc;
694 2036 792 2069 supra
824 2026 945 2069 primo:
975 2038 991 2054 «
1009 2024 1168 2058 Vocabis·

177 2091 290 2115 nomen
307 2081 376 2114 eius
392 2081 493 2114 Iesum
511 2094 540 2113 n.
567 2099 608 2104 —
633 2080 695 2113 Hoc
711 2089 787 2113 vero
802 2088 917 2112 nomen
934 2078 1075 2111 divinum
1092 2081 1140 2111 est

175 2139 207 2168 et
230 2135 424 2177 angelicum,
448 2134 533 2176 quod
553 2133 710 2167 desiderat
726 2142 841 2175 sponsa
856 2132 1057 2165 Canticorum
1074 2131 1140 2173 pri-

176 2189 276 2221 moss:
305 2202 320 2217 «
338 2188 450 2221 Oleum
473 2188 610 2221 effusum
634 2196 748 2220 nomen
773 2190 863 2219 tuum
882 2200 912 2218 ».
938 2185 1138 2218 Bernardus:

182 2255 198 2270 α
214 2242 326 2274 Aridus
349 2246 396 2274 est
419 2242 521 2274 omnis
544 2241 634 2274 cibus
649 2240 788 2279 animae,
806 2240 831 2272 si
848 2249 910 2272 non
927 2239 987 2272 isto
1002 2239 1071 2271 oleo
1092 2238 1138 2271 in-

175 2295 348 2333 fundatur;
380 2294 534 2336 insipidus
565 2298 630 2332 est,
654 2293 679 2325 si
705 2302 766 2325 non
791 2293 850 2325 hoc
874 2286 938 2324 sale
962 2290 1137 2324 condiatur.

176 2348 206 2380 Si
231 2347 368 2386 scribas,
394 2356 455 2380 non
479 2346 560 2388 sapit
583 2346 679 2385 mihi,
704 2345 763 2378 nisi
789 2345 894 2387 legero
917 2344 958 2377 ibi
977 2344 1089 2386 lesum.
1107 2344 1137 2376 Si

176 2400 317 2442 disput-es
340 2403 395 2432 aut
423 2399 582 2438 conseras,
608 2408 669 2431 non
701 2398 798 2440 sapit,
830 2397 889 2430 nisi
921 2396 1063 2430 sonuerit
1094 2396 1136 2429 ibi

2121 199 2162 229 ὃὸ

1208 276 1302 309 lesus.
1328 278 1412 310 lesus
1436 280 1495 311 mel
1520 280 1550 311 in
1575 290 1647 319 ore,
1673 282 1703 313 in
1728 291 1806 314 aure
1830 284 1943 321 melos,
1961 283 1991 315 in
2009 284 2102 316 corde
2120 285 2166 316 iu-

1209 329 1291 362 bilus
1307 343 1337 362 ».
1365 331 1400 362 Et
1423 331 1491 364 ideo
1508 333 1601 365 Isaiae
1619 334 1767 375 vigesimo
1783 339 1874 368 sexto
1888 336 1899 354 ⁷
1921 336 2052 369 dicitur:
2076 350 2090 364 α
2109 338 2167 369 No-

1208 390 1278 414 men
1305 386 1394 415 tuum
1419 388 1450 416 et
1474 385 1654 429 memoriale
1672 390 1761 418 tuum
1780 387 1810 419 in
1827 387 1982 420 desiderio
1997 389 2119 421 animae
2137 404 2165 421 ι».

1297 435 1351 467 48.
1377 433 1607 478 Spiritaatiter
1631 442 1721 478 nota,
1746 440 1830 481 quod
1856 450 1911 482 per
1935 446 2004 474 octo
2028 442 2097 474 dies
2122 443 2167 474 in-

1209 488 1395 530 telliguntur
1411 494 1480 522 octo
1505 495 1645 530 aetates,
1661 501 1799 533 quarum
1817 502 1873 525 sex
1891 498 1965 526 sunt
1982 495 2012 527 in
2030 495 2166 528 decursu

1209 541 1316 573 mundi
1333 542 1508 575 secundum
1524 552 1581 576 sex
1597 544 1810 577 distinctiones
1828 546 1978 578 notabiles
1992 547 2019 585 ⁸,
2037 548 2167 588 septima

1208 593 1239 625 in
1264 594 1369 635 quiete
1392 595 1589 635 animarum,
1613 606 1694 638 quae
1719 598 1820 629 currit
1849 599 1941 630 simul
1974 608 2044 631 cum
2077 605 2166 632 sexta

1207 650 1238 679 et
1262 656 1323 679 non
1349 647 1442 679 habet
1467 657 1647 689 vesperam,
1672 654 1781 682 octava
1807 651 1836 682 in
1862 653 2109 690 resurrectione,
2136 653 2165 685 in

1207 709 1271 741 qua
1295 700 1330 732 fit
1353 701 1551 734 circumcisio
1574 702 1614 734 ab
1637 703 1721 734 omni
1739 704 1829 744 culpa
1846 708 1877 736 et
1894 705 2027 737 miseria.
2047 706 2080 737 Et
2098 706 2166 738 ideo

1207 752 1406 785 circumcisio
1438 753 1531 786 siebat
1562 755 1592 787 in
1625 759 1734 787 octavo
1762 756 1811 788 die
1835 757 1873 788 ad
1898 757 1982 789 illius
2005 758 2166 790 circumci-

1207 805 1302 838 sionis
1326 806 1606 848 designationem.
1584 808 1596 826 ⁰

1297 859 1350 891 49
1369 860 1547 893 Secundum
1560 862 1785 904 tropoloyiam
1803 866 1907 895 autem
1925 867 1956 895 ct
1972 864 2165 906 alleqoriam
2195 871 2316 892 Secundum

1207 912 1301 944 simul
1333 913 1518 955 intelligitur
1544 915 1653 947 virtus
1678 915 1825 957 Spiritus
1849 915 2051 958 septiformis
2074 918 2109 955 ¹⁰,
2135 921 2165 949 et
2186 899 2324 950 ῑὶῗρῖιιιῖἷεῖω

1207 969 1337 998 octavus
1368 970 1415 998 est
1444 968 1695 1008 perseverantia
1725 967 1858 1008 finalis,
1891 978 1971 1010 quae
2004 979 2166 1012 nunquam
2221 957 2282 972 mm

1206 1018 1320 1051 deficit.
1341 1038 1381 1042 —
1407 1020 1508 1052 Prima
1532 1029 1607 1062 ergo
1631 1021 1767 1062 pertinet
1789 1021 1828 1054 ad
1853 1022 1956 1054 lucem
1972 1022 2068 1064 fidei,
2093 1023 2166 1065 quia
2187 1031 2263 1078 virwmf³
2267 1031 2319 1078 'ori—

1207 1071 1308 1112 prima
1320 1071 1370 1104 die
1383 1071 1462 1104 sacta
1479 1076 1526 1105 est
1545 1073 1619 1111 lux;
1640 1074 1879 1107 l’roxerbiorum
1897 1079 2011 1116 quarto
2025 1077 2067 1107 ¹¹:
2090 1089 2103 1103 α
2119 1076 2166 1108 111-

1207 1128 1328 1157 storum
1347 1125 1458 1157 semita
1474 1126 1562 1167 quasi
1582 1126 1638 1158 lux
1656 1127 1822 1168 splendens
1839 1128 1978 1169 procedit
2001 1132 2031 1160 ct
2056 1129 2167 1161 crescit

1206 1186 1307 1219 usque
1331 1178 1368 1210 ad
1393 1178 1562 1219 perfectam
1586 1179 1667 1211 diem
1685 1193 1715 1211 n.
1734 1198 1775 1203 —
1793 1180 1933 1213 Secunda
1960 1190 2033 1213 vero
2054 1181 2091 1213 ad
2108 1181 2167 1221 fir·
2186 1190 2291 1211 Secunda.

1206 1230 1351 1262 mitatem
1374 1231 1463 1272 spei,
1489 1231 1519 1263 in
1545 1241 1608 1273 qua
1632 1232 1749 1265 sactum
1774 1233 1839 1265 suit>
1857 1233 2110 1272 firmamentum3
2128 1234 2165 1266 ad

1206 1283 1362 1315 Hebraeos
1385 1287 1476 1316 sexto
1491 1284 1533 1315 ¹²:
1563 1297 1578 1312 α
1595 1285 1811 1317 Fortissimum
1830 1286 1982 1318 habemus
2002 1287 2165 1325 solatium,

1205 1336 1259 1376 qui
1284 1336 1482 1377 confugimus
1505 1336 1543 1368 ad
1568 1337 1731 1369 tenendam
1758 1338 1947 1379 propositam
1972 1348 2058 1380 spem
2076 1353 2106 1370 ».
2125 1358 2165 1362 —

1205 1388 1309 1420 Tertia
1332 1388 1370 1420 ad
1396 1389 1599 1422 viriditatem
1622 1391 1795 1429 caritatis,
1821 1391 1946 1432 quando
1979 1396 2063 1424 terra
2096 1401 2166 1434 ger-
2185 1401 2264 1422 Tertia.

1205 1441 1356 1480 minavit;
1390 1442 1631 1475 Proverbiorum
1657 1443 1844 1476 undecimo:
1875 1458 1890 1472 α
1908 1445 1981 1477 lusti
2006 1445 2094 1487 quasi
2122 1446 2166 1477 vi-

1206 1504 1279 1528 rens
1302 1495 1410 1528 solium
1436 1496 1658 1544 germipabunt
1675 1510 1704 1528 n.
1730 1497 1920 1539 Gregorius:
1951 1511 1965 1526 «ι
1984 1499 2048 1531 Non
2074 1499 2167 1531 habet

1205 1548 1324 1591 aliquid
1349 1549 1516 1582 viriditatis
1540 1559 1648 1582 ramus
1672 1550 1744 1583 boni
1774 1551 1896 1592 operis,
1929 1551 1985 1583 nisi
2020 1552 2169 1583 manserit

1206 1601 1245 1633 in.
1262 1601 1367 1634 radice
1390 1601 1530 1634 caritatis
1547 1615 1576 1633 n.
1601 1620 1645 1625 —
1669 1603 1805 1644 Quarta,
1838 1603 1869 1635 in
1898 1612 1961 1645 qua
1984 1603 2064 1636 sacta
2096 1608 2169 1636 sunt
2188 1614 2275 1640 Quam.

1206 1652 1392 1691 luminaria,
1416 1653 1454 1686 ad
1478 1654 1665 1687 luminosam
1699 1654 1929 1688 discretionem
1959 1656 2168 1698 prudentiae,

1205 1715 1287 1748 quae
1312 1706 1395 1750 viget
1410 1707 1441 1739 in
1458 1707 1540 1739 virili
1557 1712 1658 1741 aetate
1672 1720 1680 1746 ;
1697 1709 1900 1742 Ecclesiastae
1921 1709 2106 1742 duodecimo
2121 1710 2146 1728 ¹³
2161 1722 2167 1741 ς

1210 1759 1397 1791 «Memento
1425 1759 1582 1792 Creatoris
1615 1761 1678 1799 tui,
1710 1764 1878 1803 antequam
1912 1762 2016 1794 veniat
2048 1766 2170 1804 tempus

1205 1811 1382 1843 afflictionis
1398 1824 1429 1849 »;
1461 1816 1492 1844 et
1523 1812 1561 1844 ad
1588 1813 1800 1855 Philippenses
1823 1814 1982 1846 secundo:
2012 1827 2027 1842 α
2046 1815 2169 1847 Lucetis

1204 1864 1287 1897 sicut
1311 1865 1479 1905 luminaria
1503 1865 1533 1898 in
1558 1866 1677 1898 mundo
1694 1880 1723 1898 1».
1751 1885 1791 1890 —
1817 1867 1951 1907 Quinta,
1975 1867 2013 1899 ad
2037 1866 2170 1908 fortitu·
2188 1879 2274 1906 Quinta.

1204 1916 1314 1949 dmein
1334 1917 1517 1959 potentiae,
1541 1927 1623 1960 quae
1647 1919 1801 1960 probatur
1825 1919 1855 1951 in
1880 1919 1971 1961 aquis
1993 1920 2169 1952 tribulatio-

1204 1970 1272 2010 nis,
1296 1970 1445 2012 quoniam
1469 1971 1579 2013 quinta
1611 1971 1661 2004 die
1692 1971 1793 2004 sactus
1820 1975 1867 2004 est
1891 1980 1991 2013 aquae
2015 1975 2167 2010 ornatus;

1206 2023 1404 2056 Psalmus¹⁴z
1433 2037 1449 2053 «
1466 2024 1593 2057 Salvum
1612 2034 1662 2057 me
1683 2025 1748 2063 sac,
1772 2025 1874 2063 Deus,
1898 2024 2045 2066 quoniam
2071 2024 2168 2056 intra-

1205 2080 1321 2110 verunt
1344 2086 1445 2119 aquae
1461 2090 1492 2117 »3
1526 2078 1687 2111 Psalmus:
1717 2091 1733 2107 α
1750 2078 1831 2111 Misit
1854 2078 1892 2110 de
1916 2086 2039 2110 summo
2064 2081 2094 2110 et
2118 2086 2167 2110 as—
2211 2086 2215 2088 “

1204 2130 1319 2163 sumsit
1342 2140 1392 2164 me
1407 2131 1446 2164 de
1461 2131 1553 2174 aquis
1577 2132 1685 2164 multis
1701 2145 1731 2164 n.
1757 2150 1798 2155 —
1823 2132 1918 2164 Sexta
1933 2131 1972 2164 ad
1997 2131 2165 2163 rectitudi-

1203 2194 1277 2217 nem
1301 2184 1467 2224 iustitiae,
1493 2188 1623 2227 propter
1646 2185 1850 2218 seueritatem
1883 2188 2028 2227 respectu
2053 2184 2166 2217 bestia-

1204 2237 1281 2270 lium
1305 2241 1469 2277 motuum,
1493 2241 1525 2271 et
1544 2238 1697 2280 pietatem
1716 2242 1860 2280 respectu
1883 2238 2063 2275 hominurn,
2088 2247 2166 2279 quo-

1202 2290 1285 2322 niam
1310 2293 1401 2323 sexta
1424 2290 1474 2323 die
1498 2295 1572 2323 sunt
1603 2291 1698 2324 bruta
1730 2291 1882 2333 producta
1913 2300 1984 2323 cum
2016 2291 2163 2328 homine;

1203 2343 1256 2376 lob
1272 2343 1384 2385 quinto
1398 2344 1423 2363 ¹⁵
1438 2356 1445 2375 ε
1467 2357 1482 2372 <1
1501 2344 1584 2377 Scias
1595 2370 1602 2383 ,
1619 2344 1702 2386 quod
1720 2353 1827 2386 pacem
1844 2344 1956 2376 habeat
1978 2343 2163 2376 tabernacu-

1203 2397 1269 2428 lum
1294 2400 1384 2429 tuum
1398 2423 1405 2435 ,
1429 2401 1460 2430 et
1478 2397 1605 2430 visitans
1622 2397 1756 2439 speciem
1774 2401 1877 2436 tuam,
1895 2407 1956 2429 uon
1973 2397 2114 2439 peccabis
2131 2412 2159 2429 n.

2195 451 2304 477 Exponiuo

2187 477 2312 504 spiritualis.

2185 2142 2257 2163 Sexta.

1100 2503 1129 2516 *Γ

249 2565 257 2580 ¹
279 2566 353 2592 Vers.
375 2565 398 2590 la.

247 2608 258 2624 ²
279 2610 352 2636 Vers.
373 2609 414 2635 17.
433 2623 469 2628 -
488 2609 616 2634 Sententia
637 2608 760 2634 Beruardi
781 2607 892 2634 habetur
911 2607 936 2632 in
950 2607 1076 2633 Sermone
1090 2613 1138 2638 pro

176 2655 274 2681 Octava
303 2654 479 2687 Epiphaniae,
507 2661 533 2680 n.
553 2654 586 2679 3:
610 2663 622 2677 α
639 2653 755 2690 Denique
775 2652 970 2678 communitatis
988 2654 1090 2677 amator
1114 2653 1139 2676 et

177 2699 386 2730 commendator,
397 2698 445 2733 qui
454 2697 576 2725 habitare
585 2698 651 2732 facit
661 2697 743 2724 unius
753 2697 838 2723 moi-Is
848 2696 876 2722 in
886 2696 965 2723 domo
977 2696 1028 2730 [Ps.
1039 2696 1082 2726 67,
1091 2695 1139 2727 7.],

177 2744 313 2776 quomodo
341 2743 556 2769 communitatem
583 2743 714 2769 desereret
732 2746 758 2768 et
777 2743 840 2768 alios
859 2741 1087 2767 scandalizarem?
1112 2741 1138 2765 ln

176 2789 227 2814 hoc
246 2788 372 2813 Sermone
391 2788 456 2813 aliae
475 2787 553 2812 etium
572 2787 687 2812 rationes
706 2794 755 2819 pro
774 2786 974 2812 circumcisione
992 2785 1086 2811 Christi
1103 2786 1140 2810 ar-

180 2833 306 2858 feruntur.

248 2874 258 2890 ³
278 2876 352 2901 Vers.
373 2876 414 2900 16.
433 2874 469 2895 4
487 2875 611 2908 Sequitur
630 2876 691 2901 Phil.
712 2877 742 2908 2,
763 2877 786 2901 8.
806 2882 881 2908 seqq.

248 2918 260 2934 ⁴
280 2920 353 2946 Vers.
372 2920 415 2945 21.
434 2933 469 2939 -
489 2919 606 2945 Subinde
624 2920 751 2952 allegatui
770 2920 825 2946 Act.
845 2920 874 2952 4,
896 2920 937 2945 12.

248 2963 259 2978 ⁶
279 2965 354 2990 vers.
368 2965 392 2989 2.
406 2965 511 2990 —Duo
524 2971 598 3002 seqq.
612 2965 662 2990 loci
676 2968 736 2990 sunt
750 2965 831 2990 Eccle.
845 2965 876 2996 6,
891 2965 932 2989 10.
946 2964 1045 2989 etluc.
1062 2964 1085 2994 l,
1096 2964 1140 2989 31.

249 3007 260 3022 ⁶
279 3008 453 3034 110152.-
473 3008 604 3036 Sententia
624 3009 763 3040 Bernaidi‚
793 3008 818 3033 iu
846 3015 913 3041 qun
918 3015 976 3040 pro
1004 3007 1093 3041 layez-o
1114 3011 1140 3033 et

177 3052 296 3091 disputes
324 3053 439 3078 nonnulli
466 3052 544 3078 codd.
559 3052 733 3086 substituunt
758 3052 832 3086 leuas
857 3055 882 3078 et
895 3043 1008 3083 discas,
1028 3050 1139 3077 nubetur

177 3099 263 3124 Serm.
283 3097 324 3123 15.
344 3096 370 3122 111
388 3096 461 3123 Cant.
480 3104 508 3123 u.
526 3098 551 3123 6.

249 3139 259 3155 ⁷
280 3141 354 3166 Vei-s.
375 3141 398 3165 8.
419 3154 454 3160 —
472 3140 555 3167 Codd.
573 3141 697 3167 omittunt
715 3142 740 3167 et
757 3140 914 3167 memoriale
933 3142 1019 3167 tuum.

249 3185 260 3202 ⁸
279 3185 331 3212 Csr.
347 3184 478 3218 Breviloq.
494 3185 596 3218 Prolog.
610 3185 626 3218 S
639 3187 669 3218 2,
683 3185 728 3211 ubi
743 3185 816 3218 (pag.
831 3186 897 3216 203,
911 3185 936 3211 111
951 3188 1010 3211 uota
1025 3186 1060 3218 8.)
1075 3185 1139 3211 alios

179 3221 351 3261 allegavimus
370 3229 455 3260 locos,
473 3228 571 3262 quibus
590 3231 639 3255 hnc
658 3229 692 3255 de
711 3236 738 3255 re
763 3229 858 3261 agitur.
885 3228 951 3266 Vide
976 3229 1055 3255 etiam
1081 3230 1139 3254 Bre-

179 3274 260 3308 vitoq.
282 3282 308 3307 p.
328 3275 355 3300 11.
374 3281 397 3300 0.
417 3275 443 3299 2.
461 3274 487 3300 111
506 3274 558 3300 tlne
577 3277 603 3300 et
621 3275 646 3300 111
661 3274 784 3300 Hexaem.
798 3274 882 3300 collat.
897 3274 938 3300 ⁴5.
951 3281 978 3300 n.
992 3275 1032 3300 12.
1046 3281 1137 3307 seqq:

183 3328 196 3341 n
210 3318 357 3345 Notandum
376 3321 478 3350 autem,
497 3318 570 3352 quod
590 3319 657 3355 sicut
677 3319 746 3345 Deus
765 3326 808 3345 sex
828 3318 922 3345 diebus
935 3318 1065 3344 mundum
1080 3318 1138 3344 fecit

179 3366 203 3388 et
225 3363 250 3388 iu
269 3363 380 3395 septimo
394 3363 541 3396 requievit3
557 3363 589 3389 ita
604 3370 702 3395 corpus
721 3363 814 3390 Christi
834 3363 976 3395 mysticum
996 3370 1039 3389 sex
1059 3361 1135 3388 habet

1203 2564 1301 2587 aetates
1319 2565 1345 2587 et
1363 2561 1518 2593 septimam,
1537 2568 1606 2594 quae
1625 2561 1706 2586 currit
1725 2567 1786 2586 cum
1806 2564 1890 2591 sexto,
1910 2564 1934 2586 et
1954 2565 2104 2586 octavam...
2125 2561 2166 2586 Se.

1203 2606 1284 2638 ptima
1304 2609 1375 2632 aetas
1394 2606 1475 2631 currit
1493 2612 1554 2631 cum
1574 2608 1657 2636 sextu,
1685 2605 1782 2630 scilicet
1807 2605 1911 2637 requies
1938 2605 2086 2630 animarum
2108 2610 2165 2636 post

1203 2650 1297 2676 Christi
1317 2650 1475 2682 passionem.
1494 2650 1533 2675 Ad
1554 2651 1601 2674 has
1619 2649 1737 2681 sequitur
1756 2653 1847 2674 octava
1867 2651 1952 2679 aetas,
1972 2649 2069 2674 scilicet
2082 2655 2166 2674 resur-

1203 2696 1284 2722 rectio
1298 2706 1321 2721 11.
1343 2710 1376 2713 -
1396 2696 1444 2721 Pro
1468 2695 1495 2720 iu
1525 2694 1609 2729 quiete
1636 2692 1795 2719 annuarum
1826 2692 1854 2725 (C
1873 2692 1967 2717 omittit
1994 2691 2164 2723 anirum-um)

1205 2741 1262 2766 Vat.
1282 2740 1309 2766 in
1329 2740 1415 2774 quiete
1432 2739 1562 2766 aliarum.

1275 2783 1286 2798 ⁹
1304 2784 1354 2811 Csr.
1375 2785 1415 2810 lV.
1436 2785 1505 2810 Sent.
1525 2784 1551 2809 d.
1573 2784 1595 2808 t.
1615 2790 1641 2814 p.
1661 2783 1687 2808 Η.
1708 2790 1732 2808 a.
1751 2783 1775 2807 2.
1795 2789 1821 2814 q.
1841 2783 1865 2806 2.

1277 2828 1298 2843 ¹⁰
1319 2829 1385 2855 Vide
1405 2830 1441 2854 ΙΙΙ.
1462 2829 1531 2854 Sent.
1549 2828 1576 2854 d.
1597 2827 1638 2853 31.
1658 2834 1684 2859 p.
1704 2827 1721 2852 1.
1740 2834 1763 2851 a.
1783 2827 1806 2851 2.
1833 2833 1859 2858 q.
1884 2826 1903 2851 1.
1925 2826 1948 2850 111
1969 2826 2018 2850 tine
2038 2832 2111 2856 corp.
2129 2838 2165 2843 —

1204 2875 1265 2900 Post
1283 2873 1442 2907 intelliyitur
1462 2873 1519 2898 vat.
1539 2872 1612 2898 addit
1627 2878 1677 2905 per
1696 2873 1795 2904 septem
1815 2869 1878 2896 dies.

1276 2917 1296 2932 ¹¹
1319 2918 1391 2943 Vers.
1413 2918 1455 2943 18.
1473 2916 1508 2936 -’
1529 2917 1565 2942 De
1583 2920 1684 2948 septem
1704 2915 1799 2941 diebus
1823 2915 1960 2940 creatIOnis
1980 2916 2026 2939 etr.
2048 2916 2111 2939 Gen.
2144 2914 2163 2939 Ι.

1204 2966 1230 2989 et
1249 2964 1274 2988 2.
1292 2976 1328 2982 —-
1346 2963 1383 2987 De
1403 2963 1451 2987 hac
1480 2961 1641 2995 tropologica
1669 2960 1831 2992 expositione
1858 2963 1959 2991 septem
1989 2959 2091 2984 dierum
2118 2960 2164 2983 cst.

1205 3008 1318 3033 Tractat.
1337 3006 1371 3032 de
1390 3006 1497 3031 caritate
1516 3006 1593 3037 (inter
1612 3011 1692 3036 opera
1713 3003 1848 3035 Bernardi)
1869 3010 1891 3028 c.
1914 3003 1954 3028 ¹4.
1974 3010 1999 3028 11.
2012 3003 2061 3028 49.
2082 3010 2136 3035 seq.

1277 3049 1298 3065 ¹²
1319 3051 1392 3076 Vers.
1415 3051 1456 3075 18.
1469 3063 1503 3069 -—
1518 3049 1640 3082 Sequitur
1659 3049 1735 3073 Prov.
1757 3048 1797 3077 11,
1817 3048 1865 3078 28,
1885 3051 1944 3079 post
1962 3054 2041 3080 quem
2060 3047 2165 3072 additur

1204 3095 1330 3122 sententia
1349 3094 1484 3124 Gregorii,
1502 3095 1529 3119 ll.
1550 3092 1642 3118 llomll.
1662 3092 1688 3117 in
1708 3092 1809 3123 Evang.
1829 3092 1918 3117 homil.
1939 3092 1980 3117 27.
2002 3099 2028 3117 n.
2054 3092 2075 3116 1.

1277 3138 1299 3154 ¹³
1320 3140 1392 3165 Vcrs.
1414 3140 1437 3164 1.
1456 3152 1490 3157 -
1510 3137 1627 3163 Subinde
1646 3136 1771 3168 allegetur
1784 3136 1852 3161 Phil.
1873 3137 1903 3166 2,
1925 3136 1966 3161 15.
1984 3149 2020 3155 -
2039 3136 2165 3167 superius

1205 3192 1235 3210 ex
1254 3184 1273 3211 C
1285 3185 1305 3209 l)
1325 3183 1507 3215 supplevimus
1526 3181 1554 3207 in
1573 3187 1626 3214 qua
1644 3180 1717 3213 suctu
1736 3181 1802 3206 sunt
1820 3179 1978 3206 luminaria.

1278 3227 1300 3242 ¹⁴
1319 3228 1412 3253 psalm.
1433 3227 1480 3257 68,
1500 3226 1524 3257 -2,
1538 3228 1597 3257 post
1615 3231 1696 3256 quem
1710 3224 1749 3249 Ps.
1773 3224 1818 3255 17,
1840 3224 1881 3250 17.
1894 3237 1929 3243 -—
1943 3223 2003 3249 Fide
2022 3224 2040 3249 C
2053 3224 2072 3249 D
2091 3223 2165 3249 addi-

1205 3273 1293 3299 dimus
1313 3270 1441 3305 quoniam
1460 3269 1555 3303 quinta
1575 3267 1607 3301 [D
1626 3267 1689 3301 hac]
1710 3267 1751 3294 dic
1769 3268 1858 3301 fuctus
1877 3269 1916 3294 est
1934 3274 2021 3301 aquae
2040 3269 2164 3293 ornatus.

1277 3315 1299 3331 ¹⁵
1318 3317 1394 3341 vers.
1412 3314 1459 3340 24:
1480 3312 1566 3341 Scies.
1581 3311 1652 3346 quod
1664 3316 1713 3338 etc.
1727 3326 1762 3332 —
1776 3311 1862 3338 Verba
1882 3311 2011 3345 quoniam
2033 3313 2109 3337 serta
2123 3310 2164 3336 dic

1204 3363 1270 3388 sunt
1288 3360 1367 3386 bruta
1386 3358 1519 3393 producta
1539 3363 1601 3383 cum
1621 3356 1727 3383 homine
1746 3357 1854 3389 praebet
1873 3356 1903 3381 D.
