2476 3921
766 226 961 260 COMMENT.
987 227 1024 260 IN
1049 226 1288 260 EVANGELIUM
1314 228 1431 261 LUCAE
1455 228 1487 261 C.
1512 229 1587 262 XXI.
2107 232 2170 266 537

1299 317 1350 349 52.
1377 317 1478 359 (Vers.
1497 317 1574 358 32..)
1600 318 1705 352 Tertio
1722 323 1876 361 quantum
1894 320 1932 353 ad
1957 321 2172 354 assertionem
2186 329 2226 350 Per
2240 330 2339 351 assetur»

2198 361 2223 376 ue
2227 362 2246 376 m
2261 357 2338 377 certifi-

1206 369 1460 412 certisi‘eatioam
1484 371 1664 414 subiungit.
1691 374 1797 405 Anien
1820 374 1893 406 dico
1925 374 2034 413 vobis,
2059 375 2171 418 (μιοιὶ8
2199 383 2298 404 catii-am

176 316 328 360 vigesimo
352 316 455 359 primo
468 317 498 349 1:
527 329 542 345 «ι
555 316 671 349 Videns
687 316 737 349 fici
761 316 908 349 arborem
926 324 1018 348 secus
1042 315 1141 355 viam,

176 370 261 404 venit
284 370 323 403 ad
347 379 415 403 eam
432 373 463 403 et
487 369 566 403 nihil
582 369 702 403 invenit
725 369 756 402 in
780 378 816 402 ea
833 369 890 402 nisi
916 369 989 402 solia
1007 372 1140 402 tantum.

28 912 153 935 Notandum.

14 1232 105 1254 *Fructus
117 1236 152 1253 ae-

48 1260 126 1280 ternus.

176 423 212 456 Et
235 423 279 456 ait
294 423 357 456 illi:
382 423 550 466 Nunquam
574 432 615 460 ex
633 425 663 456 te
686 422 811 455 fructus
835 425 985 455 nascatur
1001 435 1032 454 ι).
1055 421 1142 455 Unde

174 477 418 519 Chrysostomus
434 477 468 509 ²³:
506 489 522 505 α
546 476 633 509 Sicut
667 476 860 518 impossibile
894 479 959 516 est;
993 475 1140 508 arborem

174 539 266 564 secus
289 530 372 563 viam
395 530 520 563 fructus
543 529 583 562 ad
606 529 820 562 maturitatem
844 538 990 569 servare;
1015 529 1060 562 sic
1083 529 1141 562 dif-

174 584 256 617 ficile
279 588 342 623 est,
366 583 526 616 hominem
550 583 642 616 iuxta
665 583 820 615 mundum
845 583 1001 616 viventem
1030 582 1141 615 iuven-

174 639 276 669 tutem
299 636 534 669 immaculatam
559 645 661 678 usque
684 636 723 669 ad
747 636 842 669 finem
873 640 981 669 tenere
997 650 1028 668 n.
1053 636 1141 668 Sicut

173 689 267 722 etiam
303 689 434 722 arbores
467 689 679 728 fructificant,
714 689 901 723 abscedente
937 689 1059 729 bieme;
1096 689 1140 722 sic

174 743 268 776 homo
291 743 431 776 fructum
455 743 551 776 habet
566 746 637 785 post
660 743 912 782 tribulatione1n;
936 743 1139 776 Canticorum

174 796 355 829 secundo⁸:
386 810 402 826 «
419 796 481 829 lam
506 796 607 830 hiems
631 797 773 837 transiit,
797 797 901 831 imber
924 797 1001 830 abiit
1032 800 1064 830 et
1093 806 1141 830 re-

173 850 267 884 cessit
283 862 317 890 »3
341 863 357 879 «
373 850 453 884 ficus
477 851 610 893 protulit
632 860 758 894 grossos
782 860 874 890 suos,
898 851 1008 884 vineae
1024 851 1140 884 floren-

174 907 220 938 tes
243 904 399 938 dederunt
415 904 543 938 odorem
569 914 664 938 suum
680 918 711 938 ».
736 905 790 938 Hic
806 905 932 938 fructus
948 908 995 937 est
1019 913 1075 946 per
1094 907 1140 937 to-

171 957 335 990 lerantiam
361 957 588 997 tribulationis,
613 957 789 991 secundum
814 957 891 990 illud
920 957 959 990 ad
983 957 1138 990 Hebraeos

171 1010 375 1044 duodecimo:
409 1023 425 1039 α
441 1010 552 1044 Omnis
574 1010 739 1053 disciplina
762 1010 794 1043 in
818 1010 974 1053 praesenti
1001 1019 1062 1043 non
1091 1013 1138 1043 est

170 1063 294 1107 gaudii,
318 1064 372 1097 sed
397 1064 569 1105 moeroris,
594 1068 702 1107 postea
732 1068 839 1097 autem
871 1064 962 1097 affert
996 1063 1137 1096 fructum

169 1117 404 1160 pacatissimum
430 1117 612 1151 exercitatis
636 1127 693 1160 per
716 1126 784 1150 eam
802 1131 832 1150 ι».

261 1172 314 1204 51.
343 1171 446 1213 (Vers.
472 1171 549 1211 31.).
575 1171 611 1204 Et
634 1171 686 1204 bic
709 1171 834 1204 fructus
850 1171 1009 1213 colligitur
1030 1171 1060 1203 in
1085 1180 1137 1204 ae-

170 1227 250 1258 state
273 1224 424 1258 claritatis
447 1228 610 1263 aeternae;
628 1228 758 1266 propter
774 1224 859 1266 qnod
882 1224 1006 1257 subdit:
1031 1225 1084 1257 Ita
1108 1228 1136 1257 el

170 1288 246 1318 vos,
271 1288 352 1317 eum
371 1278 522 1311 videritis
550 1277 630 1311 haee
652 1277 743 1320 fieri,
779 1278 909 1317 scitote,
945 1278 1106 1321 quoniam
1122 1279 1136 1297 4

166 1341 272 1374 prope
287 1336 491 1375 &cremium
511 1331 569 1364 Dei
576 1343 588 1369 ,·
604 1331 725 1364 Glossa:
748 1344 764 1360 «τ
782 1332 931 1374 Reynum
944 1331 1006 1364 Dei
1025 1331 1135 1364 aestati

169 1388 349 1427 comparat,
373 1385 448 1430 quia
479 1388 556 1418 tunc
579 1384 734 1418 moeroris
764 1384 864 1418 nostri
889 1385 999 1417 nubila
1022 1385 1136 1418 transi-

169 1438 267 1478 bunt,
291 1442 323 1471 et
346 1438 464 1472 aeterni
490 1438 662 1472 dies*vitae
686 1438 746 1472 sub
773 1438 915 1471 claritate
939 1438 1012 1471 solis
1035 1438 1136 1481 fulge—

168 1491 250 1525 bunt
265 1505 296 1523 ».
321 1491 354 1524 10
371 1492 430 1524 hac
446 1494 563 1525 aestate
587 1491 722 1525 cessabit
738 1491 858 1534 pluvia
882 1491 1135 1535 laerymarum,-

168 1545 265 1579 Isaiae
298 1545 450 1587 vigesimo
485 1545 643 1587 quinto⁶:
678 1558 693 1574 (ι
718 1545 828 1578 Aufert
862 1545 1015 1578 Dominus
1049 1546 1135 1579 Deus

167 1607 293 1632 omnem
317 1598 489 1641 lacrymam
513 1598 553 1631 ab
577 1599 661 1631 omni
685 1598 811 1638 facie»;
837 1599 995 1632 Psalmus:
1018 1612 1032 1628 α
1053 1600 1135 1632 Eun-

169 1655 217 1686 tes
239 1652 327 1685 ibant
350 1655 382 1685 et
398 1652 516 1685 flebant
531 1666 547 1682 n
575 1655 634 1685 etc.
652 1652 793 1686 Cessabit
814 1652 966 1686 nubilum
993 1653 1135 1686 tribula-

168 1706 316 1745 tionum;
341 1705 455 1739 Tobiae
487 1706 624 1739 tertio⁶z
659 1719 675 1735 «
696 1706 766 1739 Post
798 1709 1016 1749 tempestatem
1048 1709 1134 1740 tran-

167 1760 303 1803 quillum
326 1759 402 1793 facis
425 1763 456 1793 et
479 1763 550 1802 post
572 1760 829 1802 lacrymationem
846 1763 878 1794 et
893 1760 1003 1794 ssetum
1025 1762 1134 1795 exsul-

167 1813 318 1847 tationem
343 1813 482 1846 infundis
506 1827 521 1842 »
550 1817 609 1848 etc.
642 1813 782 1847 Cessabit
810 1814 906 1847 etiam
927 1813 1044 1857 friyus
1076 1825 1134 1848 cu-

163 1866 369 1910 militatum
401 1867 485 1900 unde
517 1867 740 1900 Bernardus⁷:
771 1880 787 1896 «ι
810 1867 836 1899 O
860 1876 936 1900 vera
967 1868 1132 1908 meridies,

167 1920 329 1963 plenitudo
353 1920 488 1953 fervoris
518 1924 549 1953 et
573 1920 671 1960 lucis,
703 1920 777 1953 solis
809 1921 919 1960 statio,
944 1921 1132 1954 umbrarum

167 1974 405 2013 exterminatio,
421 1974 588 2007 desiccatio
611 1973 780 2016 paludum,
796 1974 954 2007 foetorum
971 1974 1130 2017 depulsio!

166 2026 193 2059 Ο
216 2035 355 2069 perenne
379 2026 566 2066 solstitium,
598 2027 725 2069 quando
748 2027 810 2059 iam
833 2036 896 2060 non
928 2027 1132 2061 inclinabitur

166 2079 250 2120 dies;
274 2089 294 2113 o
317 2080 424 2113 lumen
449 2080 678 2120 meridianum,
702 2089 722 2113 o
745 2080 883 2113 vernalis
906 2081 1088 2123 temperies,
1112 2090 1131 2114 o

166 2133 285 2166 aestiva
308 2136 474 2173 venustas,
498 2143 518 2166 o
540 2133 734 2166 autumnalis
757 2133 904 2166 ubertas!
931 2133 968 2166 Et
990 2142 1030 2167 ne
1053 2134 1131 2176 quid

165 2185 274 2219 videar
297 2186 515 2228 praeteriisse:
541 2185 567 2219 Ο
590 2186 681 2228 quies
704 2189 736 2219 et
758 2186 881 2219 feriatio
898 2186 1057 2220 hiemalis!
1075 2190 1131 2220 aut

167 2243 271 2280 certe,
295 2240 319 2273 51
345 2240 405 2273 1100
430 2239 528 2283 magis
552 2239 686 2283 probas,
718 2239 784 2273 sola
807 2242 884 2273 tunc
912 2238 1016 2273 hiems
1047 2240 1132 2274 abiit

165 2297 196 2327 et
218 2293 383 2327 recessit»
400 2296 406 2327 1

238 2473 247 2488 ¹
268 2474 344 2500 Vers.
366 2474 408 2499 19.
428 2488 463 2494 -
482 2474 609 2507 Superius
629 2482 677 2508 pro
696 2474 735 2502 sic
754 2477 779 2502 el
796 2475 876 2502 homo
901 2478 1048 2510 occupatus
1069 2477 1127 2503 Vat.

165 2516 205 2544 sic
223 2524 271 2544 nec
289 2517 384 2550 homo,
404 2517 452 2552 qui
469 2520 627 2553 occupatur.

237 2560 249 2576 ²
266 2561 361 2588 Homil.
380 2562 422 2588 39.
443 2563 470 2588 in
482 2563 571 2590 Matth.
592 2564 636 2595 2l,
653 2564 696 2590 19.
710 2564 769 2597 (Op.
790 2564 960 2599 imperfect.):
980 2565 1052 2591 Sicut
1065 2572 1130 2597 orgo

167 2604 271 2640 difficile
289 2607 343 2638 051,
363 2605 513 2632 arborem...
533 2606 665 2634 iustitiam
684 2608 880 2635 immaculatam
900 2616 985 2642 usque
1004 2609 1031 2635 in
1050 2610 1129 2635 finem

166 2656 282 2676 servare.

238 2694 249 2709 ³
268 2695 344 2720 Vers.
364 2694 406 2720 11.
420 2697 446 2720 01
465 2695 508 2720 13.
526 2708 561 2715 -
581 2696 705 2729 Sequitur
723 2696 804 2723 Hebr.
825 2698 872 2728 12,
897 2698 939 2723 11.
952 2711 988 2717 -
1001 2698 1130 2730 Superius

167 2745 217 2771 pro
235 2738 416 2774 fructificant,
436 2738 590 2766 abscedente
609 2739 694 2767 hieme
711 2742 768 2767 vat.
787 2741 1002 2777 fructificabant,
1022 2741 1130 2769 absente

167 2781 259 2809 hieme.
280 2783 386 2809 lnserius
405 2790 454 2815 pro
477 2790 526 2817 per
545 2783 719 2811 tolerantiam
744 2784 927 2813 tribulationis
947 2786 998 2813 CD
1014 2793 1066 2820 per
1090 2788 1129 2813 lo-

166 2826 313 2853 lerantiam
332 2826 550 2854 tribulationum.

237 2871 248 2886 ⁴
267 2871 350 2898 Codd.
370 2870 422 2898 CD
441 2872 513 2906 qaia.
526 2886 562 2892 —
574 2873 664 2899 Glossa
683 2880 739 2907 seq.
762 2877 801 2900 est
819 2874 963 2901 ordinaria
983 2876 1023 2908 (ex
1042 2876 1126 2906 Beda,

166 2915 213 2949 qui
231 2916 350 2950 sequitur
374 2917 499 2949 Gregor„
518 2917 534 2942 1.
554 2917 647 2943 Hoinil.
667 2918 693 2943 in
714 2919 815 2951 Evang.
834 2919 925 2945 homil.
951 2920 976 2946 1.
994 2927 1021 2946 n.
1040 2920 1076 2954 3.)
1103 2920 1128 2946 in

166 2960 230 2987 Luc.
249 2961 297 2993 2¹,
316 2961 360 2986 29.

238 3004 249 3019 ⁶
268 3005 342 3031 Vers.
363 3007 392 3038 8,
412 3005 457 3032 uhi
472 3013 521 3039 pro
535 3006 631 3041 Aufert
649 3007 671 3033 H
690 3014 752 3033 cum
765 3008 880 3039 Vulgata
892 3003 1003 3042 Auferet
1009 3018 1020 3042 ,·
1033 3009 1127 3035 eedem

167 3049 280 3081 Vulgata
292 3049 387 3076 omittit
399 3056 520 3083 omnem,
533 3051 607 3084 quod
619 3051 697 3078 etiam
711 3050 833 3078 exhibent
846 3052 1026 3084 Septuaginta.
1041 3067 1075 3071 —
1086 3054 1128 3078 Se-

166 3093 255 3126 quitur
268 3094 308 3120 Ps.
322 3094 382 3126 125,
396 3095 420 3120 6.
558 3095 569 3111 ⁰
584 3096 658 3122 Vers.
670 3097 713 3128 22,
726 3095 771 3122 ubi
785 3103 834 3129 pro
846 3096 914 3131 facis
927 3096 946 3123 C
957 3097 978 3122 D
988 3097 1009 3122 G
1020 3097 1041 3122 H
1052 3096 1126 3131 facit.

239 3135 249 3151 '¹
268 3138 353 3164 Serm.
373 3139 415 3165 33.
435 3139 461 3165 in
480 3139 552 3166 Cant.
573 3147 598 3166 n.
618 3141 647 3173 6;
667 3141 692 3167 in
712 3141 764 3167 flne
783 3141 910 3173 allegatur
934 3141 1009 3167 Cant.
1028 3142 1058 3173 2,
1080 3141 1128 3167 li:

167 3181 220 3206 lam
239 3181 309 3208 enim
328 3182 414 3209 hiems
432 3184 547 3215 transiit,
566 3183 652 3211 imber
671 3185 735 3212 abiit
753 3188 779 3212 et
796 3185 911 3211 recessit.
937 3185 986 3211 Pro
1015 3184 1122 3218 videar,

167 3225 240 3258 quod
260 3225 339 3252 habet
357 3229 442 3254 textus
460 3229 610 3262 originalis,
629 3236 710 3263 quem
728 3231 847 3264 sequitur
866 3231 924 3257 Vat.
940 3238 1000 3258 cum
1020 3231 1127 3257 nonnul-

167 3269 201 3298 lis
216 3269 310 3302 codd.,
329 3270 412 3298 ACD
430 3271 564 3300 videatur.

239 3312 250 3329 ⁸
268 3314 328 3341 Vat.
346 3322 408 3342 cum
428 3317 541 3349 Vulgata
560 3317 638 3353 quia,
657 3319 679 3345 Η
699 3326 830 3354 quoniam
840 3319 899 3353 (cn-
911 3321 989 3346 Marc.
1007 3321 1049 3353 13,
1063 3319 1128 3353 30).

168 3373 203 3378 -
221 3360 311 3386 Glossa
324 3367 379 3394 seq.
393 3364 432 3387 est
444 3360 628 3390 interlinearis
641 3362 699 3397 (cir.
712 3364 837 3397 Gregor.,
851 3365 867 3391 1.
882 3364 974 3391 Homil.
989 3365 1014 3391 in
1027 3365 1127 3397 Evang.

168 3404 259 3431 homil.
281 3404 304 3430 1.
324 3411 349 3430 ιι.
370 3404 394 3430 t.
413 3404 439 3431 in
458 3405 609 3441 principio).

275 3457 304 3485 S.
322 3457 427 3486 Bonav.
439 3472 475 3478 —
489 3459 568 3486 Tom.
585 3460 639 3487 Vll.

1205 432 1273 455 non
1292 423 1489 465 praeteribit
1510 425 1681 466 yeneratio
1703 424 1797 465 liaeo,
1823 426 1923 459 donec
1940 428 2054 460 omnia
2070 427 2171 469 fiant;

1205 476 1327 509 Glossa:
1348 489 1364 505 «
1376 477 1463 518 Quae
1479 477 1549 510 dico
1565 478 1654 511 vobis
1671 479 1731 511 sub
1748 479 1937 513 certitudine
1949 484 2170 522 exspectate».

1205 530 1303 562 Hane
1325 533 1431 563 autem
1454 531 1700 573 generationem
1716 535 1807 565 vocat
1829 534 2061 575 generationem
2089 544 2172 567 mor-

1204 583 1313 623 talem,
1335 583 1509 617 secundum
1532 584 1609 618 illud
1628 585 1828 619 Ecclesiastae
1844 587 1946 629 primo
1960 587 1986 619 ⁹:
2010 601 2025 615 α
2037 588 2172 621 Genera-

1205 637 1248 670 110
1271 638 1440 679 praeterit,
1463 642 1494 671 et
1518 639 1678 681 generatio
1695 639 1867 673 advenit».
1892 641 1972 674 Haec
1992 643 2171 683 praeterit,

1204 691 1331 733 quando
1364 691 1476 724 transit
1506 691 1544 724 ad
1577 692 1843 726 immortalitatem
1876 703 1932 736 per
1965 696 2172 728 resurrectio-

1204 753 1291 784 nem;
1308 744 1416 777 Glossa
1430 745 1470 777 ¹⁰:
1493 758 1508 774 α
1526 745 1570 778 De
1593 747 1783 779 mortalitate
1806 747 1845 780 ad
1861 747 2125 781 immortalitatem
2141 763 2170 781 ».

1204 798 1240 831 Ε1
1260 798 1338 831 haec
1363 799 1557 832 resurrectio
1581 809 1642 832 non
1671 800 1732 833 erit
1751 804 1823 834 ante
1844 802 2077 843 praedictorum
2099 812 2172 836 con-

1204 852 1462 892 summationem,
1476 853 1633 895 quia,10b
1652 853 1774 887 decimo
1794 859 1924 897 quarto,
1947 868 1962 883 α
1975 856 2080 895 home,
2097 866 2169 890 cum

1203 905 1386 945 dormierit,
1416 915 1476 938 non
1507 911 1667 949 resurget,
1692 907 1791 941 donec
1819 911 1975 941 atteratur
1999 910 2120 943 caelum
2138 924 2168 942 ι».

1294 960 1346 993 53.
1372 960 1474 1002 (Vers.
1493 961 1571 998 33).
1591 961 1627 994 Et
1647 962 1716 995 ideo
1733 962 1853 995 subdit:
1880 963 2015 995 Caelum
2032 967 2061 996 et
2077 969 2169 996 terra
2186 975 2271 995 Transit
2285 975 2336 1005 figu-

2197 1007 2221 1022 ra
2235 1002 2316 1022 munch.

1203 1014 1415 1054 tramibunc,
1441 1018 1595 1057 quantum
1620 1015 1657 1048 ad
1682 1016 1875 1049 exteriorem
1894 1016 2060 1060 fiquram3
2086 1018 2168 1051 Psal-

1203 1077 1275 1101 mus
1289 1069 1332 1100 11:
1362 1081 1379 1097 <r
1395 1069 1441 1101 Tu
1460 1069 1491 1101 in
1509 1069 1677 1111 principio,
1703 1070 1848 1109 Domine,
1870 1074 1987 1103 terram
2012 1071 2167 1111 fundasti,

1202 1125 1233 1155 et
1257 1131 1354 1164 opera
1377 1131 1530 1155 manuum
1556 1126 1684 1155 tuarum
1709 1127 1784 1156 sunt
1807 1124 1893 1157 caeli.
1920 1125 1978 1166 lpsi
2004 1125 2167 1167 peribunt,

1202 1179 1237 1209 tu
1261 1179 1367 1222 autem
1391 1185 1558 1218 permanes
1574 1190 1590 1205 ι)
1615 1180 1690 1216 010.;
1711 1180 1742 1210 et
1765 1178 1834 1211 ideo
1854 1178 1975 1220 primae
1998 1179 2036 1211 ad
2060 1179 2168 1212 Corin-

1201 1229 1284 1262 111105
1304 1229 1455 1272 septimo:
1478 1243 1494 1259 <t
1511 1231 1663 1263 Praeterit
1680 1231 1783 1273 figura
1800 1232 1895 1265 huius
1912 1233 2019 1265 mundi
2034 1247 2063 1265 ι).
2082 1234 2167 1267 Unde

1201 1282 1296 1315 Isaiae
1320 1283 1582 1325 quinquagesimo
1606 1284 1727 1325 primo:
1759 1297 1774 1313 ι(
1789 1285 1871 1318 Caeli
1896 1285 1977 1318 sicut
2001 1285 2107 1319 sumus
2131 1287 2167 1319 li-

1200 1338 1370 1377 quescent,
1395 1338 1426 1368 et
1450 1340 1535 1368 terra
1560 1336 1641 1369 sicut
1662 1337 1883 1370 vestimentum
1909 1341 2063 1372 atteretur
2081 1352 2115 1379 »;
2137 1344 2167 1373 et

1200 1388 1296 1422 Isaiae
1319 1389 1516 1431 sexagesimo
1533 1390 1658 1432 quinto:
1682 1403 1697 1419 «
1712 1390 1802 1429 Ecce,
1827 1400 1884 1433 ego
1901 1400 1974 1424 creo
1998 1393 2099 1425 caelos
2116 1402 2168 1425 no-

1200 1450 1256 1474 vos
1279 1445 1310 1474 et
1334 1445 1452 1474 terram
1479 1451 1593 1475 novam
1609 1456 1640 1475 ».
1670 1461 1711 1468 —
1741 1444 1778 1476 Et
1802 1443 1870 1476 ideo
1899 1448 2065 1478 transeunt
2090 1446 2166 1478 haec

1199 1494 1305 1527 omnia
1328 1494 1410 1527 sicut
1434 1495 1636 1537 temporalia,
1661 1496 1714 1529 sed
1747 1500 1893 1536 econtra,
1922 1497 2024 1530 verba
2055 1503 2164 1531 autem

1199 1558 1274 1581 mea
1298 1553 1365 1581 non
1389 1548 1600 1588 transibunt,
1633 1553 1786 1592 quantum
1811 1550 1849 1583 ad
1881 1551 2072 1584 interiorem
2095 1562 2167 1585 sen-

1201 1601 1357 1640 tentiam,·
1380 1602 1531 1635 ‘Psalmus
1544 1603 1589 1635 ¹²:
1620 1616 1635 1632 α
1652 1603 1684 1636 10
1709 1607 1893 1643 aeternum,
1923 1604 2069 1644 Domine,
2095 1614 2165 1647 per-

1200 1659 1305 1689 manet
1337 1656 1471 1689 verbum
1505 1660 1596 1689 tuum
1614 1670 1644 1689 n.
1677 1657 1764 1690 Unde
1795 1657 1983 1700 Gregorius:
2015 1658 2164 1698 «Omne,

1199 1709 1284 1752 quod
1309 1709 1392 1752 apud
1427 1719 1482 1743 vos
1505 1710 1650 1743 durabile
1674 1713 1705 1743 et
1737 1711 1804 1744 sine
1832 1712 2006 1745 mutatione
2029 1716 2094 1752 est,
2126 1713 2165 1746 ad

1198 1762 1415 1796 aeternitatem
1440 1763 1585 1797 durabile
1613 1773 1674 1797 non
1699 1768 1764 1804 est;
1789 1768 1821 1798 et
1836 1774 1946 1804 omne,
1972 1766 2056 1808 quod
2081 1767 2165 1809 apud

1200 1825 1250 1849 me
1274 1816 1410 1850 transire
1442 1817 1599 1856 cernitur,
1624 1817 1727 1850 fixum
1750 1821 1782 1850 et
1813 1818 1880 1851 sine
1912 1819 2047 1852 transitu
2079 1823 2165 1853 tene-

1199 1872 1252 1902 tur
1269 1883 1299 1902 ».
1325 1869 1411 1902 Unde
1427 1869 1522 1902 Isaiae
1538 1870 1778 1912 quadragesimo
1792 1871 1836 1903 1³:
1867 1884 1882 1900 α
1899 1871 2099 1904 Exsiccatum
2117 1876 2164 1905 est

1197 1923 1343 1962 foenum,
1361 1926 1392 1955 et
1416 1922 1528 1955 cecidit
1544 1923 1619 1962 ssos;
1644 1924 1778 1956 verbum
1795 1928 1900 1957 autem
1923 1925 2045 1957 Domini
2063 1926 2163 1958 nostri

1197 1978 1302 2008 manet
1325 1975 1357 2007 in
1392 1978 1557 2008 aeternum
1575 1989 1604 2008 n.
1630 1976 1690 2017 Qui
1727 1977 1794 2009 vult
1829 1977 1926 2019 igitur
1960 1978 2162 2011 aeternaliter

1196 2037 1343 2067 manere,
1368 2031 1510 2070 oportet,
1536 2028 1619 2071 quod
1645 2029 1676 2061 in
1701 2030 1891 2063 transitoriis
1915 2039 1977 2063 non
2002 2030 2161 2070 moretur,

1195 2081 1250 2115 sed
1285 2082 1391 2124 potius
1425 2081 1598 2115 deserendo
1633 2082 1814 2116 transitoria
1838 2092 1894 2125 per
1928 2083 2034 2116 divina
2065 2084 2162 2117 verba

1195 2138 1334 2167 transeat
1357 2134 1396 2167 ad
1420 2137 1558 2168 aeterna.

1286 2187 1337 2220 54.
1363 2188 1494 2230 Propter
1517 2188 1600 2231 quod
1618 2189 1809 2229 notandum,
1833 2189 1918 2232 quod
1940 2190 2078 2224 mundus
2101 2191 2160 2225 iste
2202 2199 2293 2221 Mundus

2134 2246 2139 2250 ,
2166 2227 2242 2247 transit
2256 2227 2326 2253 quoad

1194 2241 1309 2274 transit
1331 2244 1486 2284 quantum
1510 2241 1549 2275 ad
1572 2251 1666 2276 omne
1694 2243 1779 2285 quod
1803 2244 1898 2277 habet
1921 2244 1953 2277 in
1981 2253 2014 2278 se
2038 2249 2157 2288 appeti·
2165 2253 2325 2275 celsitudinem

1194 2295 1266 2329 bile
1292 2295 1418 2329 Transit
1440 2295 1544 2338 primo
1575 2296 1679 2339 quoad
1708 2296 1955 2337 cetsz'cudimaem
1984 2299 2158 2341 Sapientiae

1267 2476 1278 2492 ⁹
1298 2478 1372 2503 Vers.
1393 2477 1417 2503 4.

1267 2520 1290 2536 ²⁰
1308 2521 1411 2547 Scilicet
1430 2520 1621 2548 interlinearis.
1635 2521 1783 2555 chrysost,
1797 2522 1891 2548 Homil.
1907 2523 1950 2548 39.
1963 2523 1989 2548 in
2003 2523 2090 2549 Matth.
2110 2524 2157 2556 24,

1195 2564 1238 2591 34.
1259 2565 1320 2598 (Op.
1351 2565 1527 2599 imperfect.):
1549 2565 1691 2593 Generatio
1717 2566 1782 2599 ism,
1809 2566 1836 2592 id
1859 2570 1910 2599 est,
1935 2570 1980 2593 aut
2009 2566 2156 2594 facientium

1195 2611 1262 2636 lianc
1290 2610 1472 2641 tentationem,
1492 2612 1537 2635 aut
1555 2610 1724 2643 patientium,
1747 2614 1792 2636 aut
1813 2614 1982 2643 peccatorum
2006 2613 2157 2645 hominum,

1194 2657 1239 2680 aut
1258 2655 1433 2685 daemonum,
1446 2654 1491 2687 qui
1505 2658 1647 2687 operantur
1666 2655 1693 2680 in
1713 2655 1776 2681 eis...
1797 2659 1841 2681 aut
1860 2659 1930 2682 certe
1948 2655 2155 2683 Christianorum

1195 2699 1391 2731 generationem
1410 2699 1486 2730 dicit,
1499 2699 1526 2725 id
1545 2703 1598 2725 est:
1618 2699 1755 2734 generatio
1770 2700 1817 2726 ista
1837 2702 1954 2726 mortalis
1972 2708 2024 2727 non
2038 2702 2157 2728 transibit

1195 2744 1228 2770 ad
1256 2743 1491 2774 immortalitatem,
1510 2743 1605 2776 donec,
1629 2744 1655 2770 id
1681 2748 1732 2776 est,
1757 2745 1806 2771 nisi
1826 2746 1891 2771 haec
1912 2745 2007 2771 suerint
2034 2753 2156 2772 consum-

1195 2791 1279 2819 mata,
1298 2791 1326 2814 ut
1339 2791 1429 2820 postea
1443 2788 1597 2814 immortalis
1616 2792 1641 2814 et
1660 2789 1828 2821 impassibilis
1848 2790 1948 2815 (11η.-
1963 2789 2080 2816 Subinde
2100 2792 2157 2817 alle-

1194 2835 1272 2864 gatur
1292 2831 1335 2857 lob
1356 2831 1404 2863 11»,
1424 2832 1466 2857 12.

1266 2874 1287 2890 ¹¹
1307 2876 1402 2901 Psalm.
1422 2876 1488 2907 101,
1509 2876 1550 2901 26.
1571 2883 1625 2910 seq.
1640 2891 1675 2896 —
1689 2877 1839 2910 Sequuntur
1859 2878 1877 2903 1.
1896 2877 1954 2904 Cor.
1974 2878 2004 2910 7,
2025 2879 2073 2910 31;
2093 2878 2151 2904 lsai.

1194 2921 1242 2951 51,
1263 2920 1288 2945 6.
1308 2920 1415 2952 (ACDz
1435 2919 1509 2946 Caeli
1530 2920 1600 2947 sicut
1624 2921 1718 2954 fumus
1737 2922 1762 2947 et
1787 2928 1851 2948 cera
1876 2921 2026 2955 liquescunt
2051 2923 2109 2954 etc.)
2131 2926 2156 2948 et

1194 2965 1241 2995 65,
1258 2964 1344 2989 17.--
1354 2965 1443 2989 Glossa
1457 2963 1641 2991 interlineari}-
1656 2964 1697 2998 (ex
1711 2965 1807 2997 Beda):
1822 2965 1945 2997 Caelum,
1966 2966 2072 2991 aereum
2082 2985 2088 2996 ‚
2103 2973 2153 2992 non

1193 3009 1361 3039 aethereum,
1379 3009 1403 3034 el
1422 3009 1497 3034 terra
1520 3007 1689 3039 transibunt,
1708 3008 1913 3041 innovabuntur,
1933 3010 2051 3041 deposita
2073 3010 2154 3041 priori

1194 3054 1292 3084 forma,
1312 3056 1483 3085 permanente
1508 3056 1596 3078 autem
1615 3052 1775 3084 substantia;
1795 3054 1865 3079 unde
1890 3054 1986 3080 dicitur
2011 3053 2103 3087 [Eccle.
2127 3055 2153 3085 1,

1194 3097 1247 3131 4.];
1269 3097 1354 3123 Terra
1379 3096 1407 3122 in
1430 3098 1571 3123 aeternum
1595 3098 1658 3123 stat.
1680 3096 1732 3122 Cir.
1750 3097 1868 3128 Hieron„
1895 3098 1936 3123 lV.
1957 3096 2102 3124 Comment.
2129 3099 2152 3124 in

1193 3142 1279 3167 Matth.
1300 3141 1346 3172 24,
1366 3141 1409 3167 35.
1430 3141 1496 3166 Vide
1508 3141 1586 3166 etiam
1607 3143 1669 3166 tom.
1689 3141 1732 3167 lV.
1745 3148 1807 3173 pag.
1827 3142 1891 3174 992,
1905 3145 1993 3167 notam
2014 3142 2037 3167 8.
2052 3146 2077 3167 et
2091 3149 2152 3175 pag.

1192 3187 1258 3219 993,
1277 3189 1364 3212 notam
1377 3185 1404 3211 7.

1264 3228 1286 3244 ¹⁹
1307 3230 1401 3256 Psalni.
1421 3229 1487 3260 118,
1508 3228 1550 3254 89.
1563 3242 1598 3248 -
1612 3229 1741 3254 Sententia
1755 3229 1874 3261 Gregorii
1891 3228 2002 3255 liabetur
2021 3231 2039 3256 1.
2058 3230 2151 3256 llomil.

1193 3275 1219 3300 in
1238 3275 1338 3306 Evang.
1357 3273 1447 3299 homil.
1467 3273 1491 3299 1.
1511 3280 1538 3299 0.
1558 3272 1582 3298 4.
1601 3273 1651 3299 1)ιο
1664 3272 1738 3306 apud
1756 3279 1802 3299 vos
1823 3273 1867 3306 (ita
1886 3274 1908 3299 Η
1927 3281 1988 3299 cum
2011 3277 2081 3300 textu
2101 3275 2153 3300 ori-

1192 3318 1282 3352 ginali)
1303 3318 1363 3345 Vat.
1380 3317 1455 3352 apud
1472 3324 1530 3344 nos.
1556 3317 1583 3343 ln
1608 3317 1660 3343 fine
1678 3317 1798 3344 additur:
1817 3318 1882 3350 Quia
1902 3318 1959 3344 sine
1981 3318 2152 3345 mutabilitate

1192 3365 1326 3389 manentes
1345 3362 1485 3388 sententias
1504 3361 1624 3394 exprimit
1643 3368 1718 3387 meus
1737 3369 1836 3393 sermo,
1856 3362 1903 3395 qui
1922 3362 2021 3388 transit.

1263 3406 1286 3422 ¹³
1307 3407 1380 3434 Vers.
1400 3406 1424 3433 7.
1445 3409 1470 3433 et
1490 3407 1515 3432 8.

2009 3460 2040 3484 68

2188 1454 2235 1476 Nou
2251 1457 2320 1476 trans·

2190 1484 2241 1512 eunt
2255 1482 2319 1503 verba
