2476 3921
153 555 274 583 Applicatio

163 583 190 603 ad
206 583 230 603 B.
248 582 273 602 V.

171 609 266 629 Mariam.

130 636 192 656 Ratio
202 636 278 662 prima.

165 1084 270 1106 Secunda.

191 1456 270 1478 Tei-iia.

182 2308 269 2334 Quarta.

151 2556 216 2576 Maria
232 2556 271 2576 fuit

156 2583 265 2603 castellnm

165 2610 259 2629 turribus

159 2636 271 2656 munitum.

296 250 359 282 276

293 336 459 379 aliquando
474 337 596 377 oportet
611 333 734 376 egredi,
751 332 919 375 aliquando
935 332 1069 375 ingredi,
1086 333 1253 375 aliquando

293 387 664 430 ascendere,.aliquand0
686 386 892 425 descendere,
924 387 1006 419 sicut
1038 386 1114 419 vidit
1146 386 1251 426 Iacob,

293 442 419 475 Genesis
442 442 591 482 vigesimo
614 443 723 472 octavo
738 440 757 471 ¹.

382 494 433 525 76.
460 492 543 525 Istud
571 496 676 524 autem
709 491 909 532 Evangelium
941 491 1105 524 consuevit
1127 491 1186 533 legi
1219 491 1251 524 in

293 546 487 580 Assumtione
519 545 672 587 Virginis,
701 545 795 577 sive2
828 544 903 586 quia
935 544 1006 576 finis
1036 544 1104 577 eius
1136 544 1250 577 Mariae

293 601 409 642 optime
425 598 583 640 congruit,
608 607 680 630 cum
703 597 834 630 dicitur:
862 597 1029 638 Optimam
1045 602 1176 639 partem
1192 597 1251 630 cle-

291 654 339 696 yz't
361 653 427 685 sibi
450 652 580 690 Maria,
604 660 689 693 quac
705 660 771 682 non
794 648 970 692 auferetur
994 649 1036 682 ab
1059 659 1108 682 ea.
1134 650 1250 691 Quam-

293 707 340 739 vis
369 706 451 738 enim
483 706 542 737 boc
572 704 611 737 ad
639 704 774 737 litteram
807 703 925 735 dictum
957 703 1054 736 fuerit
1085 703 1123 736 de
1154 703 1250 736 Maria

293 759 482 802 Magdalene,
507 758 614 790 verius
630 761 732 789 tamen
757 759 804 789 est
820 756 858 789 de
882 756 973 789 beata
994 756 1120 798 Virgine
1144 756 1248 788 Maria.

292 814 377 846 Unde
404 811 582 845 Bernartius
600 810 629 842 3:
660 824 675 838 «
704 810 872 852 Optimam
900 813 1032 851 partem
1065 809 1156 852 clepit
1186 809 1252 842 sibi

292 866 413 898 Maria.
441 865 608 906 Optimam
633 864 741 906 plane;
766 863 847 895 bona
864 862 1037 895 fecunditas
1060 862 1250 904 coniugalis,

291 920 401 952 melior
417 922 521 950 autem
538 917 664 949 castitas
677 916 851 958 virginalis,
870 924 1001 957 prorsus
1017 919 1121 948 autem
1134 915 1252 957 optima

291 977 337 1005 est.
354 972 528 1005 fecunditas
544 971 702 1012 virginea,
719 975 773 1002 seu
790 969 923 1002 secunda
944 969 1120 1011 virginitas3
1137 968 1251 1001 Mariae

291 1025 488 1067 privilegium
518 1027 578 1062 est,
611 1033 673 1055 non
700 1023 827 1055 dabitur
858 1022 966 1061 alteri,
998 1022 1074 1064 quia
1099 1032 1166 1054 non
1189 1031 1251 1054 aa·

289 1078 416 1121 seretur
433 1078 475 1115 ab
495 1087 534 1110 ca
550 1091 580 1108 ».
599 1095 640 1100 -—
658 1077 727 1109 Sive
743 1076 835 1108 etiam
847 1101 855 1114 ,
871 1076 946 1117 quia
961 1075 992 1107 in
1010 1075 1069 1108 hoc
1087 1075 1251 1117 Evangelio

290 1132 480 1165 describitur
506 1132 537 1163 in
560 1130 685 1163 duabus
709 1129 872 1162 sororibus
896 1128 1045 1170 perfectio
1075 1129 1196 1161 activae
1220 1132 1251 1160 et

290 1184 562 1226 contemplativae,
579 1192 715 1225 quarum
742 1187 878 1224 utraque
902 1181 962 1213 fuit
978 1181 1008 1214 in
1033 1181 1161 1223 Virgine
1179 1190 1250 1223 per-

289 1238 465 1271 fectissime.
490 1237 578 1279 Quod
602 1237 684 1269 enim
709 1236 817 1268 datum
841 1235 900 1267 fuit
924 1235 992 1267 istis
1014 1234 1139 1267 duabus
1163 1243 1249 1267 soro-

291 1293 379 1325 ribus
402 1301 458 1333 per
482 1295 605 1334 partes,
630 1290 742 1322 Mariae
768 1293 868 1322 totum
892 1289 1000 1321 clatum
1024 1288 1083 1321 fuit
1115 1292 1145 1321 et
1170 1288 1249 1320 inte-

290 1354 354 1387 gre.
388 1345 473 1377 Unde
506 1344 754 1385 Hieronymus¹³:
786 1355 801 1371 «
824 1342 943 1375 Ceteris
973 1341 1081 1374 datum
1113 1344 1161 1374 est
1192 1350 1249 1383 per

290 1402 410 1440 partes,
434 1398 547 1430 Mariae
570 1401 676 1430 autem
701 1405 733 1429 se
766 1399 862 1428 totam
887 1395 983 1428 simul
1014 1394 1128 1427 infudit
1150 1394 1249 1436 pleni-

291 1448 366 1484 tudo
390 1452 508 1494 gratiae
524 1465 554 1483 ».
579 1470 624 1474 -
652 1450 735 1489 Sive,
759 1450 833 1491 quia
858 1449 909 1482 hic
932 1449 1036 1491 agitur
1062 1448 1101 1481 de
1132 1448 1248 1490 duplici

290 1505 404 1537 Christi
430 1504 640 1546 susceptione:
666 1503 836 1545 corporali
858 1506 888 1535 et
919 1501 1110 1544 spirituali:
1135 1511 1248 1543 corpo-

290 1558 359 1591 rali
374 1568 392 1590 a
408 1558 529 1590 Martha
547 1557 576 1589 in
595 1557 729 1598 hospitio
748 1556 860 1588 domus
876 1554 1058 1593 exterioris;
1075 1554 1250 1596 spirituali

290 1622 308 1645 a
332 1612 427 1644 Maria
447 1611 477 1643 in
499 1611 633 1652 hospitio
654 1610 766 1642 domus
790 1609 957 1641 interioris.
978 1608 1012 1640 Et
1037 1608 1112 1640 haec
1128 1608 1247 1649 duplex

291 1665 471 1707 susceptio5
496 1662 721 1706 ‘perfectissimo
745 1663 804 1695 fuit
835 1663 865 1695 in
891 1662 1000 1700 Maria,
1030 1670 1111 1703 quae
1143 1662 1247 1702 ipsum

290 1719 428 1760 suscepit
458 1718 489 1750 in
514 1716 660 1749 thalamo
683 1716 849 1758 corporis,
883 1716 961 1748 aluit
991 1718 1022 1747 et
1054 1714 1186 1747 nutrivit
1217 1718 1248 1747 et

290 1771 434 1804 educavit
457 1774 488 1803 et
504 1770 613 1803 sedulo
636 1768 840 1807 ministravit3
859 1768 995 1809 suscepit
1019 1767 1111 1800 etiam
1128 1768 1159 1799 in
1177 1766 1247 1799 tlta-

291 1825 378 1857 lamo
394 1825 519 1863 corclis,
538 1824 640 1865 ipsum
657 1822 804 1861 videndo,
822 1821 991 1860 credendo,
1015 1821 1160 1860 amando,
1178 1822 1248 1854 imi-

291 1878 392 1910 tando.
421 1878 454 1909 Et
477 1886 517 1909 cx
546 1881 683 1920 atroque
707 1876 821 1908 horum
846 1875 937 1907 beata
960 1874 1035 1913 suit;
1061 1874 1143 1907 unde
1168 1874 1248 1906 infra

291 1931 455 1964 undecimo
478 1931 509 1962 ⁶:
544 1944 559 1959 «t
586 1931 697 1963 Beatus
733 1933 860 1967 venter,
896 1928 950 1970 qui
982 1931 1012 1960 te
1048 1927 1183 1969 portavit
1207 1939 1246 1966 »3

295 1998 309 2012 α
327 1985 420 2023 Beati,
438 1985 490 2026 qui
509 1984 642 2016 audiunt
658 1983 791 2015 verbum
810 1982 862 2014 Dei
885 1985 916 2014 et
930 1981 1111 2014 custodiunt
1127 1980 1203 2013 illud
1217 1994 1246 2012 ».

292 2038 377 2070 Unde
401 2037 633 2079 Augustinus⁷z
665 2050 679 2065 α
698 2036 819 2077 Beatior
843 2035 902 2067 fuit
926 2034 1021 2067 Maria
1050 2033 1249 2075 percipiendo

292 2091 385 2123 iidem
408 2091 521 2123 Christi
547 2100 642 2133 quam
667 2088 868 2131 concipiendo
885 2096 1011 2121 carnem
1035 2087 1161 2120 Christi.
1187 2087 1248 2118 Ma-

290 2149 379 2176 terna
403 2153 537 2186 namque
569 2143 787 2186 propinquitas
811 2142 888 2175 nihil
921 2142 1035 2174 Illariae
1059 2140 1248 2182 profuisset,

290 2198 349 2230 nisi
373 2198 493 2230 felicius
517 2198 619 2239 ipsum
644 2200 747 2229 mente
770 2205 864 2238 quam
890 2204 984 2228 carne
1007 2197 1205 2237 gestasset».

379 2253 430 2282 77.
449 2251 517 2283 Sive
542 2251 649 2289 etiam,
666 2250 741 2292 quia
758 2249 808 2282 hic
825 2249 885 2281 tria
900 2248 1165 2285 determinantur,
1190 2246 1249 2279 sci-

290 2305 361 2336 licet
384 2304 524 2336 divinum
550 2303 747 2345 hospitium,
775 2302 916 2335 divinum
941 2301 1186 2339 ministeriam,
1203 2300 1249 2332 di-

289 2358 396 2390 vinum
411 2357 686 2396 ,contuberniam5
703 2365 783 2398 quae
802 2356 861 2388 tria
878 2356 1007 2388 fuerunt
1023 2353 1249 2397 perfectissime

290 2410 319 2441 in
338 2410 464 2451 Virgine
489 2409 601 2441 Maria:
622 2408 801 2451 lto-spiciam
819 2409 848 2440 in
867 2408 1007 2446 castello,
1024 2406 1248 2439 ministeriam

290 2464 320 2495 in
344 2463 466 2495 Martha
490 2466 520 2495 et
544 2462 795 2501 contuberniam
819 2462 850 2493 in
874 2461 978 2494 Maria.

322 2522 327 2523 ⁷
379 2517 470 2549 Recte
495 2516 589 2557 Virgo
612 2516 708 2547 Maria
728 2515 758 2547 in
784 2515 981 2557 suscipiendo
1005 2514 1165 2547 Christum
1191 2513 1250 2546 fuit

291 2569 459 2602 castellam
495 2568 648 2601 tarribas
683 2568 846 2600 virtutum
882 2568 1048 2600 attonitam.
1082 2571 1113 2600 et
1148 2567 1249 2600 eleva-

292 2627 377 2662 tum;
409 2623 500 2655 cuius
530 2622 632 2664 prima
663 2621 761 2653 turris
792 2621 851 2653 fuit
881 2620 1042 2663 fortititclo
1072 2621 1248 2653 districtio-

902 244 1094 277 COMMENT.
1120 245 1157 278 IN
1183 245 1420 279 EVANGELIUM
1443 246 1560 279 LUCAE
1584 246 1615 278 C.
1640 247 1675 279 X.

1316 335 1388 373 πίε,
1424 335 1462 368 de
1497 344 1560 377 qua
1594 335 1793 368 Canticorum
1830 335 1987 377 quarto⁸:
2017 349 2033 364 α
2054 337 2141 369 Sicut
2175 337 2274 370 turris
2292 345 2424 374 τιιπῑευτί-
2451 376 2452 379 ,

1316 387 1413 420 David
1438 388 1553 420 collum
1576 391 1687 426 tuum,
1711 397 1792 430 quae
1812 388 1973 421 aedificata
1995 392 2042 422 est
2058 398 2130 422 cum
2156 399 2273 432 propu-
2336 378 2379 394 ’Μ’

1315 440 1474 482 gnaculis,
1499 441 1583 473 mille
1606 441 1705 482 clypei
1729 441 1865 483 pendent
1888 450 1930 477 ex
1961 450 1998 474 ea
2014 455 2049 481 n,
2078 442 2152 484 quia
2181 442 2274 485 Virgo

1315 494 1411 526 Maria
1433 494 1521 526 nullo
1546 494 1620 526 vitio
1644 494 1745 535 potuit
1769 494 1923 536 superari.
1941 513 1984 518 —
2009 495 2151 528 Secunda
2174 496 2273 529 turris
2290 504 2396 526 Secunda.
2450 531 2451 536 Ἰ

1315 546 1475 579 rectitudo
1498 545 1721 585 discretionis,
1746 546 1784 579 de
1808 556 1871 588 qua
1894 547 2093 580 Canticorum
2122 548 2272 590 septimo:

1321 612 1336 628 «
1352 599 1451 632 Nasus
1470 603 1550 632 ¹tuus
1573 599 1655 632 sicut
1679 599 1778 632 turris
1801 600 1926 638 Libani,
1951 609 2033 642 quae
2057 601 2184 643 respicit
2200 610 2273 634 con-

1315 656 1364 684 tra
1388 652 1571 685 Damascum
1593 664 1628 691 »;
1665 653 1718 685 ubi
1754 653 1939 698 intelligitur
1973 653 2120 686 discretio
2152 654 2224 686 boni
2255 664 2274 687 a

1315 706 1406 738 malo.
1423 724 1467 729 ——
1484 705 1589 738 Tertia
1611 706 1711 738 turris
1730 706 1789 738 fuit
1812 706 1990 739 multitado
2014 707 2210 747 devotionis,
2234 707 2273 741 de
2292 715 2371 737 Tertia.

1315 768 1377 801 qua
1408 758 1607 791 Canticorum
1643 760 1776 791 ultimo:
1810 772 1826 787 α
1851 759 1924 801 Ego·
1943 769 2075 799 murus,
2107 764 2137 793 et
2172 752 2298 793 ubera*

1315 821 1384 845 mea
1407 812 1489 845 sicut
1518 812 1617 845 turris
1641 825 1672 851 n,
1697 816 1825 855 propter
1856 813 2054 846 dulcedinem
2077 813 2271 853 devotionis,

1315 865 1347 897 in
1371 874 1434 907 qua
1457 865 1640 898 excellebat.
1665 865 1750 898 Unde
1774 866 1851 899 istae
1876 871 1940 899 tres
1966 870 2071 899 turres
2094 867 2273 901 aedificatae

1315 918 1445 950 fuerunt
1468 928 1486 950 a
1510 918 1627 960 Spiritu
1652 922 1759 951 sancto
1782 927 1839 960 per
1862 919 1993 961 gratiam
2011 928 2107 961 super
2131 924 2195 953 tres
2219 929 2274 962 po-

1316 971 1428 1004 tentias
1451 971 1593 1003 animae:
1627 971 1728 1013 prima
1760 980 1855 1013 super
1887 971 2104 1011 irascibilem,
2137 973 2274 1005 secunda

1315 1033 1412 1066 super
1436 1024 1633 1056 rationalem
1663 1029 1695 1057 et
1724 1025 1816 1057 tertia
1850 1034 1946 1066 super
1978 1025 2272 1068 concupiscibilem.

1314 1096 1360 1101 -
1383 1078 1418 1110 Et
1442 1086 1483 1110 ex
1508 1077 1558 1110 his
1581 1077 1676 1119 Virgo
1700 1077 1759 1110 fuit
1779 1081 1918 1111 castrum
1943 1078 2087 1112 idoneum
2112 1079 2151 1112 ad
2175 1080 2274 1113 susci-

1315 1131 1463 1172 piendum
1487 1131 1598 1163 Filium
1623 1131 1721 1163 Patris
1744 1130 1911 1170 dilectum,
1935 1132 1988 1173 qui
2018 1135 2087 1164 erat
2110 1132 2212 1165 virtus
2242 1136 2274 1165 et

1314 1184 1466 1225 sapientia
1490 1183 1589 1216 Patris
1601 1183 1624 1222 ⁹,
1649 1184 1724 1225 quia
1747 1183 1842 1226 Virgo
1857 1182 2061 1226 fortissima,
2082 1185 2273 1227 prudentis-

1313 1236 1402 1269 sima
1426 1240 1457 1268 et
1480 1235 1701 1268 devotissima.

1403 1291 1455 1322 78.
1481 1290 1573 1322 Recte
1596 1289 1689 1322 etiam
1721 1289 1752 1322 in
1776 1289 2000 1322 ministrando
2031 1290 2090 1323 fuit
2117 1289 2271 1330 Martha,
2287 1299 2385 1330 neptia
2398 1300 2436 1321 mi-

1314 1353 1394 1386 quae
1418 1343 1550 1376 Domino
1574 1343 1764 1382 ministravit
1786 1342 1925 1384 fideliter
1941 1346 1972 1376 et
1995 1342 2163 1376 humiliter
2179 1348 2210 1377 et
2225 1344 2274 1376 vi·
2291 1326 2435 1375 sssi‘iiffli..

1313 1397 1430 1430 riliter.
1455 1397 1504 1429 Sic
1527 1399 1559 1429 et
1582 1396 1688 1433 Maria,
1713 1405 1785 1428 cuin
1817 1399 1899 1429 esset
1923 1396 2034 1435 Mater,
2058 1396 2131 1429 fecit
2154 1406 2187 1430 se
2218 1406 2273 1429 an—

1313 1451 1415 1483 cillam
1440 1453 1471 1482 et
1487 1449 1681 1488 ministram,
1706 1449 1878 1482 secundum
1903 1449 1978 1482 illud
1997 1458 2094 1491 supra
2109 1450 2211 1491 primo
2228 1451 2272 1483 ¹⁰:

1318 1517 1333 1532 α
1351 1504 1442 1543 Ecce,
1466 1503 1578 1536 ancilla
1602 1503 1741 1542 Domini,
1765 1503 1819 1535 fiat
1843 1503 1919 1535 mihi
1941 1503 2115 1536 secundum
2139 1503 2273 1536 verbum

1313 1561 1403 1595 tuum
1422 1571 1451 1589 ».
1475 1557 1562 1590 Unde
1585 1556 1745 1598 designata
1760 1556 1820 1589 fuit
1844 1565 1900 1598 per
1925 1556 2009 1589 illam
2025 1556 2138 1589 bonam
2162 1557 2273 1590 mulie—

1312 1621 1379 1644 rem
1404 1611 1538 1653 Abigail,
1556 1619 1652 1653 quae,
1676 1619 1749 1643 cum
1773 1619 1791 1642 a
1807 1609 1906 1643 David
1930 1613 2092 1652 peteretur
2109 1610 2141 1642 in
2165 1610 2273 1643 coniu-

1312 1665 1417 1706 gium,
1441 1663 1555 1696 obtulit
1583 1672 1616 1695 se
1647 1663 1686 1695 ad
1711 1663 1937 1702 ministerium;
1962 1663 2055 1705 primi
2080 1663 2197 1705 Regum
2228 1663 2273 1696 vi-

1312 1718 1431 1760 gesimo
1454 1717 1566 1759 quinto
1580 1718 1623 1748 1¹:
1653 1729 1668 1745 (ι
1685 1717 1776 1755 Ecce,
1800 1716 1917 1749 famula
1941 1720 1994 1748 tua
2018 1716 2058 1748 sit
2080 1716 2208 1755 ancilla,
2237 1720 2274 1749 ut

1313 1772 1394 1804 lavet
1428 1770 1522 1812 pedes
1554 1779 1718 1803 servorum
1751 1773 1879 1802 tuorum
1908 1783 1937 1802 ».
1975 1769 2056 1814 Talis
2086 1769 2146 1802 fuit
2177 1769 2272 1812 Virgo

1312 1824 1407 1856 Maria
1431 1832 1506 1865 prae
1530 1823 1627 1855 nimia
1657 1822 1848 1862 humilitate3
1874 1823 1958 1855 unde
1982 1822 2020 1855 de
2044 1831 2077 1855 se
2101 1822 2168 1864 ipsa
2190 1822 2273 1856 dice-

1312 1878 1382 1910 bat:
1412 1890 1428 1905 «
1445 1876 1592 1918 Respexit
1616 1877 1825 1909 humilitatem
1848 1877 1978 1909 ancillae
2004 1885 2079 1909 suae
2096 1890 2126 1908 υ.
2153 1876 2187 1909 Et
2214 1876 2273 1909 hoc

1312 1933 1359 1962 est
1377 1929 1461 1971 quod
1477 1929 1552 1973 dicit
1567 1929 1760 1970 Augustinus
1774 1929 1816 1961 ¹²:
1846 1942 1860 1957 a
1878 1929 2004 1962 Mariam
2029 1929 2134 1971 operis
2149 1928 2274 1962 exhibi-

1312 1982 1395 2015 tione
1419 1986 1450 2015 et
1473 1982 1544 2015 fidei
1576 1981 1763 2024 rigidissima
1791 1982 1923 2015 veritate
1948 1982 2123 2015 ministram
2156 1982 2273 2015 Christi

1311 2035 1422 2074 fuisse,
1446 2035 1562 2074 omnis,
1580 2034 1633 2077 qui
1658 2043 1732 2067 sane
1748 2034 1843 2076 sapit,
1867 2035 2019 2077 intelligit.
2039 2035 2161 2077 Absque
2177 2035 2274 2068 dubio
2324 2072 2327 2073 ⁷

1312 2088 1394 2120 enim
1425 2088 1636 2121 ministratrix
1668 2088 1694 2120 ei
1728 2088 1864 2126 exstitit,
1888 2097 1969 2130 quae
2001 2088 2087 2121 hunc
2118 2088 2155 2120 in·
2181 2091 2274 2121 utero

1312 2141 1406 2182 gessit
1430 2145 1588 2184 partuque
1620 2141 1785 2183 profusum
1810 2140 1889 2173 aluit
1919 2144 1950 2173 et
1973 2140 2067 2179 fovit,
2096 2144 2206 2182 atque,
2237 2144 2274 2173 ut

1314 2194 1513 2237 Evangelium
1539 2195 1599 2234 ait,
1625 2195 1661 2227 in
1689 2194 1862 2237 praesepio
1895 2193 2069 2227 reclinavit
2092 2197 2123 2226 et
2146 2202 2165 2226 a
2194 2193 2272 2226 facie

1313 2247 1440 2280 Herodis
1463 2248 1586 2290 fugiens
1610 2248 1641 2280 in
1666 2244 1837 2290 Aegyptum
1863 2247 1994 2280 accessit
2017 2250 2048 2279 et
2076 2255 2199 2279 omnem
2225 2246 2272 2279 iu-

1313 2299 1439 2332 fantiam
1464 2301 1532 2333 eius
1557 2301 1608 2343 pio
1631 2301 1741 2334 matris
1764 2301 1878 2333 affectu
1898 2303 1946 2332 est
1969 2304 2135 2342 prosecuta
2152 2314 2181 2332 u.

1402 2354 1453 2385 79.
1480 2354 1570 2386 Recte
1587 2354 1679 2387 etiam
1705 2354 1734 2386 in
1752 2352 1971 2386 cohabitando
1995 2353 2060 2386 sive
2077 2353 2108 2385 in
2133 2357 2272 2385 contem-
2290 2363 2352 2393 nem,
2367 2345 2388 2384 in
2401 2368 2434 2384 ιο-

1310 2406 1435 2448 planato
1459 2406 1518 2439 fuit
1548 2407 1670 2439 Maria.
1697 2407 1771 2439 Nam
1807 2407 1887 2449 ipsa,
1917 2406 1999 2439 sicut
2028 2407 2128 2439 altera
2159 2406 2271 2445 Maria,
2297 2389 2425 2438 filimi}

1313 2459 1405 2492 iuxta
1417 2459 1577 2492 Christum
1595 2460 1710 2499 stabat,
1731 2460 1904 2493 secuudum
1922 2459 1999 2492 illud
2016 2459 2137 2492 loannis
2152 2459 2273 2492 decimo

1314 2522 1396 2545 nono
1411 2513 1454 2545 l3:
1485 2526 1500 2541 «
1517 2513 1645 2545 Stabant
1669 2514 1756 2546 iuxta
1782 2523 1909 2546 crucem
1934 2514 2002 2546 lesu
2026 2514 2122 2546 Mater
2151 2512 2219 2545 eius
2242 2516 2273 2546 et

1314 2575 1403 2599 soror
1432 2566 1538 2598 Matris
1562 2566 1647 2604 eius,
1664 2567 1759 2598 Maria
1783 2567 1954 2609 Cleophae,
1978 2571 2009 2600 et
2032 2566 2128 2599 Maria
2151 2565 2273 2608 Magda-

1314 2620 1383 2652 lene
1401 2633 1430 2651 ι».
1456 2619 1523 2661 lpsa
1556 2628 1691 2661 namque
1722 2619 1817 2661 Virgo
1848 2620 1921 2658 fuit,
1954 2629 2035 2662 quae
2066 2620 2212 2652 maxime
2243 2619 2274 2651 ei

362 2829 370 2843 ¹
392 2830 466 2855 Vers.
490 2830 528 2854 12.
547 2843 581 2847 —-
601 2829 668 2854 toan.
693 2828 735 2858 lO,
756 2828 784 2853 9:
811 2828 864 2859 Ego
884 2834 942 2853 sum
963 2827 1067 2853 ostium.
1093 2828 1141 2853 Per
1159 2835 1202 2853 ine
1227 2828 1248 2854 si

291 2873 350 2906 quis
369 2873 509 2903 introierit,
523 2872 666 2898 salvabitur
679 2876 704 2898 et
718 2872 884 2905 inyredietar
904 2874 929 2897 et
942 2871 1093 2905 egredictur
1107 2876 1132 2897 et
1150 2879 1249 2904 pascua

291 2918 413 2943 inveniet.
433 2917 484 2943 Cfr.
503 2918 627 2949 Gregor.,
652 2917 744 2948 Regul.
770 2917 891 2948 pastoral.
918 2924 942 2948 p.
964 2917 991 2942 ll.
1010 2924 1033 2942 c.
1053 2917 1083 2949 5;
1109 2917 1248 2948 Bernard.,

292 2962 376 2987 Serm.
395 2961 439 2987 51.
458 2961 483 2986 iu
502 2961 574 2987 Cant.
594 2968 619 2985 n.
641 2963 665 2986 2.
685 2965 710 2986 ct
728 2962 811 2986 Serm.
832 2961 874 2986 57.
894 2968 920 2986 n.
939 2962 964 2987 9.
984 2968 1058 2994 seqq.

362 3004 372 3019 ²
392 3006 440 3031 Pro
459 3005 513 3031 sice
527 3006 545 3030 Β
564 3005 696 3031 substituit
712 3007 824 3039 propter
842 3007 968 3039 quatuor.
989 3005 1090 3032 Primo.

362 3049 372 3064 ⁸
393 3051 476 3076 Serm.
499 3050 522 3075 4.
536 3050 560 3075 in
575 3052 688 3075 Assumt.
703 3051 731 3075 Β.
745 3051 838 3076 Mariae
858 3051 931 3082 Virg.
951 3058 975 3076 n.
996 3051 1019 3076 5.
1037 3051 1097 3076 Post
1112 3050 1248 3084 Optimam

287 3095 370 3129 plane
397 3098 480 3120 textus
504 3094 638 3126 origInalis
664 3094 735 3119 addit
760 3094 838 3127 qaia,
865 3095 886 3120 ll
912 3102 976 3120 vero
996 3099 1055 3127 post
1081 3094 1149 3121 bona
1175 3094 1249 3120 addit

290 3139 420 3173 equidem.

360 3183 470 3222 “Epist
489 3184 513 3209 9.
540 3183 573 3209 ad
599 3184 703 3208 Paulam
729 3186 754 3208 ct
779 3184 959 3216 Eustochium,
980 3184 1013 3210 de
1033 3184 1199 3210 Assumtione
1218 3184 1248 3208 B.

291 3229 384 3254 Mariae
404 3228 477 3260 Virg.
498 3228 581 3260 (inter
600 3234 680 3259 opera
700 3228 814 3260 Hieron.)
835 3235 856 3253 c.
878 3228 907 3259 5,
928 3228 972 3254 ubi
993 3236 1040 3260 pro
1060 3228 1154 3254 datam
1173 3229 1250 3254 estet

291 3280 339 3305 pro
358 3280 386 3299 se
405 3274 489 3299 totam
508 3273 528 3297 H
548 3279 608 3298 cum
629 3274 697 3297 textu
718 3272 836 3303 originali
855 3274 1013 3305 praestatur
1032 3276 1058 3298 et
1075 3280 1103 3299 se
1123 3274 1186 3299 tota.

362 3316 373 3331 ⁶
392 3317 455 3343 Cod.
475 3318 496 3342 G
521 3317 615 3342 omittit
638 3316 783 3349 susceptio,
809 3316 857 3342 AC
872 3317 892 3342 D
916 3317 1005 3348 legunt
1031 3317 1065 3343 Et
1087 3316 1137 3344 hoc
1162 3316 1250 3351 dupli-

291 3361 366 3388 citer.

362 3404 372 3419 ⁶
393 3406 465 3431 Vere.
487 3405 529 3431 27.
549 3409 575 3431 et
594 3406 636 3431 28.

1384 2826 1393 2842 ⁷
1414 2827 1484 2854 Libr.
1506 2827 1539 2853 de
1553 2828 1646 2852 Sancta
1661 2825 1830 2857 Virginitate,
1844 2832 1866 2851 c.
1880 2826 1905 2851 3.
1918 2833 1944 2851 n.
1964 2826 1988 2851 3.
2003 2826 2062 2851 Post
2075 2831 2185 2852 carnem
2200 2825 2273 2852 Chri-

1311 2873 1348 2899 sti
1365 2875 1448 2898 textus
1468 2871 1602 2903 originalis
1621 2871 1696 2902 plura
1715 2869 1797 2896 addit.

1384 2915 1395 2930 ⁸
1415 2917 1489 2942 Vers.
1510 2916 1534 2941 4.
1549 2929 1581 2934 —
1597 2915 1654 2940 Duo
1674 2921 1748 2947 seqq.
1767 2914 1815 2940 loci
1836 2913 1963 2940 habentur
1981 2913 2054 2940 Cant.
2067 2914 2097 2947 7,
2111 2914 2136 2940 4.
2149 2917 2174 2940 et
2187 2915 2216 2945 8,
2231 2914 2272 2940 10.

1383 2959 1394 2975 ⁹
1413 2961 1463 2987 Cfr.
1484 2962 1502 2987 l.
1520 2960 1580 2987 Cor.
1600 2961 1628 2991 i,
1649 2959 1691 2985 24.
1709 2966 1790 2991 supra
1810 2965 1872 2990 pag.
1892 2959 1937 2991 96,
1960 2962 2021 2984 nota
2042 2958 2066 2984 4.
2085 2959 2219 2990 allegatus.

1383 3004 1406 3019 ¹⁰
1426 3006 1500 3031 vers.
1523 3005 1566 3031 32.
1585 3018 1619 3023 —
1638 3003 1766 3036 Superius
1785 3003 1842 3029 voci
1862 3003 1950 3029 Mater
1969 3003 2027 3028 Vat.
2046 3003 2167 3035 praefigit
2184 3002 2241 3029 Dei.

1384 3049 1405 3064 ¹¹
1426 3051 1500 3076 Vers.
1521 3050 1563 3076 4i.
1584 3063 1617 3068 -—
1637 3048 1760 3082 Sequitur
1780 3048 1841 3073 Luc.
1862 3047 1890 3077 t,
1911 3047 1952 3072 48.

1385 3091 1406 3107 ¹²
1426 3093 1495 3119 Libr.
1515 3094 1549 3119 de
1574 3093 1742 3119 Assumtione
1761 3092 1788 3117 B.
1815 3091 1909 3116 Mariae
1929 3091 2003 3122 Virg.
2024 3091 2103 3123 (inter
2122 3098 2203 3122 opera
2222 3090 2274 3116 Au-

1313 3138 1392 3170 gust.)
1413 3144 1436 3163 c.
1455 3138 1484 3170 7,
1505 3137 1549 3163 ubi
1569 3141 1653 3164 textus
1671 3136 1806 3168 originalis
1825 3143 1874 3168 pro
1892 3142 1958 3162 sane
1977 3134 2109 3161 substituit
2127 3141 2227 3161 sanum
2248 3138 2274 3161 et.

1313 3188 1392 3215 opere
1410 3181 1596 3208 ministrati-icc
1615 3189 1663 3214 pro
1683 3180 1870 3208 ministrati-[x
1889 3179 1914 3206 ci
1932 3180 1963 3212 (A
1975 3179 2056 3206 CDG
2082 3178 2155 3213 qaod
2178 3178 2203 3205 ei
2226 3179 2274 3205 mi-

1313 3225 1490 3258 nistr-atria),-
1509 3227 1578 3252 circa
1603 3227 1681 3252 flnem
1708 3226 1765 3258 ipse
1790 3225 1864 3258 ponit
1882 3223 2020 3251 abscondit
2046 3231 2094 3256 pro
2113 3223 2226 3250 accessit
2248 3227 2273 3249 et

1313 3271 1406 3296 omittit
1422 3269 1476 3304 pio.
1497 3271 1628 3302 Allegatur
1642 3271 1704 3296 Luc.
1721 3271 1750 3302 2,
1763 3270 1788 3295 7.
1802 3273 1827 3296 et
1846 3269 1982 3302 respicitur
1996 3269 2083 3295 lilatth.
2099 3269 2129 3299 2,
2146 3268 2185 3294 13.
2199 3275 2274 3301 seqq.

1314 3314 1359 3348 (de
1377 3316 1439 3346 fuga
1458 3314 1484 3340 in
1503 3315 1675 3348 Aegyptum).

1385 3357 1407 3373 ¹³
1427 3359 1500 3384 Vers.
1521 3359 1563 3384 25.
1576 3371 1612 3377 —
1625 3358 1752 3390 Superius
1764 3365 1812 3390 pro
1826 3357 1853 3384 ia
1873 3356 2050 3384 cohabitando
2071 3357 2129 3383 Vnt.
2142 3356 2169 3383 in
2182 3355 2274 3383 coliae-

1314 3403 1411 3436 rendo,
1425 3406 1451 3429 et
1464 3403 1537 3435 ponit
1555 3401 1600 3428 iaa
1607 3404 1634 3428 ta
1647 3409 1756 3429 cracem
1768 3401 1857 3428 stabat
1870 3409 1918 3434 pro
1932 3401 2013 3428 iuoeta
2027 3400 2164 3428 Christum
2176 3399 2272 3428 stabat.
