2427 3872
422 241 474 267 VlS

159 287 200 311 est
219 291 320 311 merces
339 285 439 317 gloriae
458 286 509 312 599
529 287 544 311 2
564 301 598 305 -
617 286 802 312 Pervenientes

160 332 361 355 remunerantur
382 329 456 355 beata
476 330 578 356 visione
591 330 652 356 ibid.
672 344 707 350 -
726 329 800 356 beata

160 373 302 399 salvatoris
322 374 450 405 praemiat
468 375 494 400 in
515 375 597 406 patria
618 375 664 400 631
690 374 723 400 18

213 432 248 436 —-
268 418 316 443 l‘er
334 421 453 450 apertam
481 418 610 444 visionem
634 418 704 444 Beati
732 425 801 443 com-

159 462 325 494 prehendunt
336 463 420 488 lucem
434 462 597 495 spiritualem
610 463 644 488 Vl
658 462 710 488 250
726 463 757 497 46
772 461 800 487 2·

157 521 194 525 -
213 507 262 532 Per
280 506 386 532 divinae
405 507 527 533 claritatis
540 507 668 533 visionem
688 506 800 532 habetur

159 551 248 576 lumen
268 551 337 576 vitae
357 551 408 577 358
429 551 461 577 48
480 564 516 570 -
529 551 590 577 lusti
602 551 745 583 intelligent
757 557 800 576 ve-

157 594 262 620 ritatem
283 598 372 627 aperta
391 595 494 621 visione
515 595 565 620 428
585 602 612 620 ν.
625 595 640 620 9
654 608 689 614 -
702 595 799 620 Videre

156 645 271 671 regnum
291 639 337 665 Dei
356 641 396 671 est
414 646 461 671 per
480 639 608 665 visionem
628 639 729 671 patriae
746 639 798 664 280

159 683 191 708 48
212 690 268 715 arg.
299 685 314 709 2
342 697 378 702 -
405 683 445 709 Ad
475 683 601 709 visionem
630 683 727 715 speciei
746 690 798 709 non

158 727 291 759 pervenit,
310 727 359 753 nisi
378 727 425 760 qui
444 726 575 753 benedicit
595 727 647 753 vita
666 729 692 753 et
710 727 798 759 lingua

159 771 201 796 Vll
221 771 273 797 357
294 772 327 797 75

210 829 246 834 -
264 816 324 841 Post
342 815 471 842 visionem
490 815 584 842 Christi
608 816 634 841 in
654 816 810 849 humilitate>

157 861 322 890 exspectatur
341 858 398 884 eius
411 858 477 884 visio
492 859 516 884 in
530 859 664 885 maiestate
683 859 725 884 Vll
746 859 797 885 358

156 902 190 928 76
224 917 257 921 —
289 902 384 929 Christi
414 902 557 929 divinitatis
587 903 636 929 erit
666 902 796 929 bonorum

156 947 264 972 omnino
284 946 346 973 ibid.
370 962 406 965 —
434 946 528 973 Christi
557 947 725 973 humanitatis
750 948 798 973 erit

157 990 281 1017 omnibus
301 992 451 1017 communis
470 990 532 1018 ibid.
551 1006 586 1011 —
605 992 703 1018 Omnes
722 992 798 1018 certi-

157 1035 306 1061 tudinaliter
334 1035 463 1062 videbunt
491 1036 633 1068 potentiam
663 1039 688 1062 et
716 1036 797 1062 domi-

156 1080 229 1105 nium
248 1079 344 1106 Christi
363 1079 425 1106 ibid.
444 1094 479 1100 -
499 1081 549 1113 Qui
563 1088 642 1106 unam
656 1081 729 1107 videt
741 1088 798 1113 per-

156 1131 247 1150 sonam
268 1124 340 1150 videt
358 1131 451 1150 omnes
471 1125 501 1151 Vl
523 1125 574 1151 424
592 1124 635 1151 74.
657 1125 707 1151 470
729 1126 770 1151 41.

211 1169 340 1194 Vusrrnto
358 1183 394 1188 —
413 1170 483 1195 Deus
507 1170 593 1196 visitat
612 1170 646 1196 ad
665 1171 798 1203 corrigen-

156 1213 221 1239 dum
241 1213 422 1246 delinquentes
452 1217 480 1240 ut
507 1214 624 1246 legatus,
652 1215 686 1241 ad
711 1215 798 1241 iustifi-

157 1258 270 1284 candum
292 1258 453 1290 poenitentes
472 1261 498 1284 ut
519 1259 636 1290 mediuS‚
657 1260 691 1285 ad
705 1259 798 1286 docen-

156 1302 221 1328 dum
241 1302 390 1334 ignorantes
410 1306 439 1329 ut
459 1304 598 1336 magister,
626 1304 661 1330 ad
688 1305 798 1330 excitan-

155 1346 220 1372 dum
241 1347 404 1379 negligentes
433 1351 461 1373 ut
484 1348 618 1381 princeps,
640 1349 674 1375 ad
694 1356 798 1380 promo-

156 1391 273 1417 vendum
303 1395 442 1423 operantes
465 1392 532 1418 sicut
551 1393 659 1424 vinitor,
680 1393 712 1419 ad
739 1400 798 1419 con-

155 1436 317 1462 servandum
349 1436 502 1463 obedientes
532 1438 599 1463 sicut
631 1441 733 1470 pastor,
763 1438 797 1464 ad

155 1481 351 1506 fecundandum
380 1482 587 1513 contemplantes
615 1485 643 1507 ut
670 1490 797 1515 sponsus,

155 1525 188 1550 ad
209 1525 390 1551 adiuvandum
411 1529 560 1557 pugnantes
579 1529 607 1551 ut
619 1533 678 1557 rex,
691 1527 724 1552 ad
739 1534 798 1552 con-

155 1569 294 1595 solandum
315 1569 442 1601 patientes
462 1573 489 1595 ut
508 1577 599 1601 sanus,
620 1570 652 1596 ad
676 1577 797 1597 remune-

155 1612 268 1638 randum
297 1615 496 1643 perseverantes
525 1613 592 1638 sicut
611 1613 797 1645 paterfamilias

155 1656 198 1683 Vll
220 1656 252 1681 42
274 1655 319 1681 441
344 1670 379 1675 -
398 1656 491 1682 Anima
512 1659 549 1682 ter
569 1657 688 1683 visitatur
709 1664 722 1682 a
744 1658 797 1683 Deo

155 1700 207 1726 558
228 1701 261 1726 58
707 1695 712 1699 '

208 1759 244 1763 —
270 1745 339 1771 Deus
364 1745 451 1772 visitat
463 1745 610 1778 tripliciter,
629 1745 797 1778 corripiendo

155 1789 182 1815 in
201 1790 293 1822 culpa,
312 1790 496 1822 locupletando
524 1791 551 1816 in
577 1791 658 1822 gratia
671 1810 677 1821 ,
702 1790 798 1816 beatifi-

155 1834 240 1859 cando
260 1834 285 1860 in
304 1834 385 1865 gloria
401 1834 432 1860 Vl
448 1835 499 1860 608
519 1835 534 1860 3
554 1850 589 1854 -
608 1834 726 1861 Christus
739 1842 798 1861 con-

155 1878 322 1910 templauvos
334 1877 457 1904 sublimat
471 1879 601 1905 visitando
615 1879 735 1905 fruitione
748 1879 798 1912 spi-

154 1922 286 1949 ritualium
307 1923 465 1955 gaudiorum
486 1923 538 1949 574
559 1924 591 1949 46

211 1967 285 1993 Visus
303 1981 338 1986 —-
357 1967 452 1993 dicitur
465 1968 641 1994 communiter
654 1975 747 1994 sensus
761 1968 793 1993 Vl

156 2011 207 2037 518
228 2012 261 2037 68
281 2025 316 2030 -
339 2011 459 2043 Cog‘nitio
485 2019 531 2044 per
560 2012 734 2038 inventionem
759 2019 797 2039 re-

155 2056 232 2088 spicit
260 2056 347 2081 visum
371 2056 400 2082 17
421 2063 448 2088 q.
469 2057 484 2081 2
504 2069 539 2075 ·-—
558 2057 695 2088 potissime
720 2056 797 2082 nobis

154 2100 271 2126 deservit
296 2100 330 2126 ad
355 2100 569 2132 cognoscendum
590 2101 633 2126 Vll
654 2101 687 2128 50
707 2102 741 2127 25
760 2114 796 2120 -

155 2144 283 2177 plurimas
302 2143 378 2170 nobis
397 2144 557 2170 differentias
570 2144 683 2171 ostendit
701 2145 748 2171 175
763 2145 794 2171 39

209 2202 243 2208 -
262 2188 384 2214 Libenter
402 2188 525 2214 videmus
542 2189 614 2222 quod
634 2189 797 2215 admiramur

156 2233 199 2258 Vll
220 2233 271 2258 220
294 2232 325 2258 14
346 2247 379 2251 -
399 2239 450 2258 non
469 2236 556 2265 potest
580 2234 690 2259 saturari
711 2234 743 2260 Vl
764 2234 797 2259 45

156 2284 182 2303 ν.
204 2277 218 2302 8
239 2291 272 2295 —
291 2277 367 2303 Visui
386 2277 536 2303 satisfacere
554 2280 594 2304 est
612 2279 688 2310 culpa
715 2279 748 2304 23
769 2286 795 2304 ν.

158 2321 190 2347 40
212 2335 244 2339 --
263 2321 337 2347 Visui
358 2322 476 2348 serviunt
494 2323 567 2348 avari
587 2322 638 2349 558
659 2330 684 2347 v.
707 2323 737 2348 48

209 2379 244 2385 -
263 2365 393 2392 clauditur
412 2373 426 2391 a
446 2373 540 2392 somno
559 2367 671 2392 naturali
691 2368 724 2393 Vl
745 2367 797 2393 587

157 2416 183 2436 ν.
207 2410 232 2435 11
256 2423 290 2429 —-
315 2403 479 2437 discretionis
507 2411 637 2437 clauditur
664 2418 679 2436 a
704 2418 797 2438 somno

156 2454 250 2486 culpae
269 2453 330 2480 ibid.

212 2499 274 2524 Vin
294 2512 329 2517 —
349 2502 387 2524 est
405 2502 479 2525 actus
504 2499 645 2531 spiritualis
669 2503 695 2525 et
721 2500 798 2526 conti-

157 2548 225 2568 nuus
245 2541 278 2567 ab
297 2546 357 2568 ente
375 2543 465 2575 quieto
484 2546 509 2569 et
528 2544 689 2576 sempiterno
715 2544 799 2570 fluens

156 2585 189 2611 Vl
210 2586 261 2612 250
283 2587 315 2612 45
334 2600 369 2606 —-
387 2587 479 2612 Anima
494 2587 624 2613 interdum
637 2588 732 2614 dicitur
746 2589 797 2614 vita

157 2629 210 2655 389
230 2630 273 2655 3l.
293 2630 343 2656 448
364 2631 406 2656 37.
427 2630 477 2656 449
499 2631 526 2656 44
551 2645 586 2651 -
605 2633 724 2664 corporis
737 2632 799 2659 dici·

157 2677 199 2700 tur
218 2674 306 2700 anima
327 2675 369 2700 Vll
390 2674 441 2700 445
461 2675 495 2700 56

211 2732 245 2736 -
265 2718 341 2751 Quod
360 2721 399 2744 est
418 2720 470 2745 vita
491 2726 537 2751 per
556 2720 694 2746 essentium
715 2721 799 2746 omni-

158 2760 208 2787 bus
236 2762 320 2788 influit
347 2763 427 2789 vitam
454 2764 486 2789 Vl
511 2764 556 2789 3ll
588 2764 621 2790 50
643 2779 675 2783 —
695 2766 737 2791 Sol
760 2768 799 2791 est

158 2805 316 2837 principium
343 2810 369 2832 et
391 2814 470 2833 causa
489 2807 558 2834 vitae
577 2809 664 2835 omnis
684 2809 716 2835 43
735 2817 762 2835 v.
782 2810 797 2835 6

211 2862 246 2868 -
265 2849 362 2875 Omnes
387 2858 434 2882 per
459 2858 487 2876 se
512 2856 638 2884 appetunt
664 2853 745 2878 vitam
766 2854 798 2879 vt

160 2892 210 2917 416
230 2899 256 2918 ν.
278 2893 310 2918 42
330 2907 365 2912 -
384 2894 507 2921 omnibus
532 2896 616 2921 carior
634 2900 673 2922 est
694 2896 744 2923 450
765 2898 797 2923 20

157 2949 194 2956 -
213 2936 299 2962 Vitam
319 2936 383 2962 dare
401 2940 439 2963 est
459 2939 617 2971 maximum,
639 2940 712 2972 quod
737 2942 798 2966 ami-

159 2987 206 3006 cus
226 2981 310 3006 facere
330 2983 414 3013 potest
433 2980 494 3007 ibid.
515 2996 547 3001 -—
567 2990 691 3015 praesens
704 2987 743 3010 est
756 2983 798 3010 bo-

159 3032 222 3051 nnm
244 3025 275 3057 68
296 3032 321 3051 v.
343 3025 374 3050 43
394 3038 428 3044 -
451 3025 544 3051 Vivere
570 3033 618 3058 per
638 3028 732 3054 multos
757 3035 799 3054 an·

159 3076 207 3095 nos
225 3069 385 3101 prosperitas
403 3072 443 3095 est
460 3070 611 3102 temporalis
630 3070 663 3096 50
683 3078 708 3097 ν.
729 3072 744 3097 3
764 3086 798 3090 -

160 3112 315 3145 Simpliciter
329 3113 460 3146 loquendo
474 3114 618 3145 praefertur
629 3115 723 3141 vivens
733 3122 799 3141 mor·

159 3159 219 3187 tuo,
238 3157 286 3182 nisi
310 3157 421 3183 addatur
441 3157 554 3183 conditio
580 3156 746 3184 beatitudinis
764 3160 798 3185 38

160 3207 186 3233 q.
208 3200 216 3225 vl
240 3214 275 3219 —-
296 3201 394 3226 Vivens
418 3201 527 3234 quilibet
555 3204 800 3235 quantumcumque

161 3243 218 3269 vilis
247 3244 337 3270 melior
356 3248 395 3270 est
423 3248 527 3271 mortuo
555 3249 799 3279 quantumcumque

161 3286 231 3313 bono
251 3287 285 3313 73
304 3295 330 3313 v.
351 3287 365 3314 4
378 3302 414 3307 —-
427 3289 518 3314 melior
531 3292 569 3315 est
583 3296 662 3322 quam
681 3296 752 3315 mers
765 3289 797 3314 56

160 3337 187 3364 q.
202 3331 211 3356 4
230 3345 264 3349 -
278 3331 372 3357 nullius
386 3331 434 3357 nisi
447 3332 591 3364 peccatoris
604 3335 642 3358 est
656 3333 724 3358 mala
737 3331 797 3359 ibid.

832 197 868 230 lN
892 197 1187 230 COMMENTARIOS
1211 199 1239 230 S.
1264 199 1490 232 SCRIPTURAE

895 299 929 303 —-
948 285 1062 311 hominis
1081 285 1170 311 brevis
1189 289 1228 312 est
1249 287 1279 311 Vl
1302 287 1334 312 42
1348 294 1374 312 ν.
1390 287 1414 312 t.
1431 287 1480 312 448

840 336 866 354 ν.
886 330 896 354 4
920 342 956 348 -
975 329 1050 355 Vitae
1070 330 1210 356 terminum
1231 338 1284 356 non
1303 334 1389 363 potest
1402 333 1481 357 homo

839 373 967 404 protelare
987 373 1029 398 Vll
1050 373 1101 398 320
1121 374 1154 399 38
1174 388 1209 392 ——
1229 377 1316 400 nostra
1342 378 1379 400 est
1405 375 1483 401 insta-

839 416 897 442 bilis
917 417 950 442 Vl
969 417 1003 442 74
1023 424 1049 442 ν.
1069 417 1085 441 9
1104 432 1139 435 -
1153 424 1278 449 praesens
1291 426 1363 444 mors
1377 423 1416 445 est
1429 420 1475 444 314

840 461 872 486 48
890 474 927 479 -
946 462 1059 486 humana
1073 464 1113 486 est
1126 462 1269 493 poenalitas
1282 463 1414 495 quaedam
1429 463 1480 488 550

839 506 854 531 2
873 518 909 525 -·-
928 505 955 530 ln
974 505 1026 530 vita
1046 508 1085 531 est
1104 506 1184 531 homo
1204 506 1228 531 in
1249 506 1378 538 periculo,
1399 507 1425 531 in
1445 507 1481 532 la-

838 548 902 575 bore
930 551 956 575 et
984 549 1074 575 dolore
1098 549 1131 574 56
1152 557 1179 582 q.
1200 550 1209 574 4
1234 563 1268 569 --
1288 551 1372 576 Homo
1400 557 1480 582 saepe

838 593 913 626 quasi
932 596 1036 619 recusat
1055 593 1146 619 vivere
1165 601 1229 625 prae
1248 594 1334 620 taedio
1353 601 1382 620 ex
1403 595 1480 626 pluri-

838 637 888 663 bus
907 637 993 663 causis
1013 637 1047 663 25
1066 645 1092 663 ν.
1111 638 1143 663 46
1158 651 1192 657 —-
1206 638 1316 670 Sapiens
1330 645 1422 670 parum
1438 640 1480 664 ha·

838 681 882 708 bet
900 682 925 707 in
946 682 1048 707 mortali
1068 681 1120 707 vita
1141 682 1174 708 52
1194 689 1219 708 ν,
1240 683 1256 707 8

890 739 925 745 -
946 726 1043 758 lmpius
1061 726 1141 758 longo
1161 730 1280 758 tempore
1298 726 1364 752 vivit
1390 727 1415 752 in
1435 727 1480 752 im-

838 770 933 802 pietate
952 777 1012 801 sua,
1032 770 1108 803 quasi
1126 774 1195 796 esset
1213 771 1297 796 iustus
1310 771 1342 796 Vl
1357 771 1390 796 58
1405 779 1432 796 ν.
1447 771 1478 797 46

836 829 870 833 -
892 812 965 840 Vitae
983 815 1098 847 spatium
1117 818 1156 841 est
1176 818 1281 847 tempus
1304 815 1479 848 poenitentiae

837 859 887 884 489
907 866 932 885 ν.
954 860 986 885 20

888 918 923 922 ——
942 904 1068 929 naturalis
1087 904 1148 930 odio
1168 903 1289 929 habenda
1308 911 1356 936 pro
1376 903 1478 930 Christo

838 948 868 974 Vl
890 948 940 973 419
961 949 988 974 44
1006 962 1042 967 -
1055 951 1162 974 naturae
1176 956 1228 974 non
1243 949 1328 980 magis
1341 951 1379 974 est
1392 955 1478 974 aman·

835 991 868 1018 da
888 999 968 1026 quam
988 993 1108 1019 divinum
1129 996 1299 1030 praeceptum
1326 993 1435 1025 implere
1453 996 1479 1018 et

836 1037 869 1062 ita
889 1037 1017 1068 odienda,
1037 1040 1065 1063 ut
1085 1037 1168 1069 magis
1194 1037 1333 1069 impleatur
1356 1038 1477 1064 divinum

835 1085 1021 1114 praeceptum,
1046 1088 1126 1114 quam
1152 1082 1204 1107 vita
1224 1086 1343 1108 servetur
1362 1081 1425 1108 ibid.
1443 1096 1478 1101 —

836 1125 886 1158 Qui
905 1125 949 1151 dat
969 1126 1049 1151 vitam
1069 1126 1232 1158 corporalem
1248 1133 1296 1158 pro
1310 1125 1413 1152 Christo
1427 1133 1478 1152 me-

835 1173 907 1195 retur
935 1170 1015 1196 vitam
1045 1173 1177 1196 aeternam
1208 1169 1258 1195 418
1279 1170 1312 1196 37
1332 1185 1366 1189 —
1386 1170 1479 1196 Perdet

836 1215 916 1239 vitam
931 1214 955 1240 in
970 1215 1056 1240 futuro
1070 1215 1114 1247 qui
1129 1215 1240 1240 voluerit
1253 1215 1354 1241 salvare
1367 1215 1392 1241 in
1407 1222 1478 1247 prae-

836 1259 900 1285 senti
920 1259 963 1285 Vll
984 1259 1035 1284 228
1056 1259 1088 1284 39
1109 1273 1143 1278 -
1162 1259 1313 1285 vivificabit
1331 1260 1411 1285 vitam
1426 1267 1478 1286 car-

837 1304 921 1329 nalem
949 1311 996 1335 per
1024 1304 1172 1335 praemium
1202 1307 1323 1330 aeternae
1353 1304 1478 1330 felicitatis

835 1348 880 1381 qui
901 1355 958 1373 eam
980 1348 1118 1380 perditioni
1137 1348 1244 1380 exponit
1257 1356 1305 1380 pro
1317 1356 1408 1375 amore
1421 1350 1476 1374 lesu

835 1391 930 1418 Christi
957 1392 1007 1418 445
1027 1392 1060 1418 57
1081 1407 1115 1411 -
1135 1393 1221 1418 Vitam
1248 1393 1343 1419 dicitur
1367 1393 1479 1425 perdere

835 1437 882 1469 qui
900 1437 1076 1463 carnalitatem
1097 1437 1180 1469 ipsius
1199 1437 1379 1469 crucifigendo
1393 1444 1479 1470 perse·

835 1481 924 1514 quitur
944 1480 1006 1507 ibid.

859 1520 865 1524 ’
888 1538 924 1544 —-
943 1525 1053 1551 carnalis
1072 1528 1097 1551 et
1116 1525 1234 1551 animalis
1247 1526 1370 1558 importat
1384 1526 1477 1551 vitium

834 1572 860 1594 et
878 1576 932 1595 non
952 1574 991 1597 est
1008 1570 1121 1596 amanda
1142 1570 1175 1595 Vl
1196 1570 1246 1595 449
1268 1570 1295 1595 41
1320 1585 1355 1588 -
1374 1573 1413 1596 est
1425 1577 1479 1596 car-

835 1614 914 1645 nalis,
934 1614 1070 1645 naturalis,
1091 1614 1232 1646 spiritualis
1250 1613 1311 1641 ibid.

887 1671 922 1677 —
936 1655 1003 1683 bona
1019 1662 1057 1684 est
1071 1657 1170 1684 bonum
1185 1665 1311 1690 magnum
1327 1659 1359 1684 Vl
1375 1658 1407 1684 56
1422 1665 1447 1691 q.
1463 1659 1472 1684 4

834 1716 869 1720 --
889 1702 1054 1728 immaculata
1083 1702 1174 1728 aetatis
1199 1702 1272 1728 vices
1296 1703 1401 1734 supplet
1427 1702 1477 1728 434

835 1754 860 1772 ν.
880 1747 896 1771 9
916 1760 950 1765 -
970 1747 1055 1772 llomo
1074 1753 1126 1772 non
1146 1745 1225 1772 debet
1243 1746 1292 1773 sibi
1314 1747 1417 1778 vivere,
1431 1746 1478 1773 sed

834 1790 937 1817 Christo
958 1791 1008 1815 418
1029 1798 1054 1816 ν.
1076 1791 1108 1816 Ι16

888 1850 923 1853 -
942 1835 1012 1861 bona
1031 1838 1070 1861 est
1089 1835 1236 1861 necessaria
1250 1835 1354 1861 docenti
1368 1835 1400 1861 Vl
1415 1836 1444 1861 21
1463 1842 1477 1860 a

834 1894 869 1899 —-
888 1879 959 1906 bona
978 1879 1050 1912 prior
1069 1878 1148 1906 debet
1170 1886 1228 1906 esse
1253 1887 1333 1913 quam
1359 1879 1478 1906 doctrina

834 1924 981 1950 authentica
1000 1924 1044 1950 Vll
1065 1924 1115 1950 478
1137 1924 1168 1950 49

888 1982 923 1988 -
942 1968 1047 2001 respicit
1066 1969 1188 1995 affectum
1207 1968 1240 1995 Vl
1262 1968 1312 1994 437
1332 1969 1349 1995 7
1369 1983 1402 1987 -
1422 1976 1479 2001 per-

836 2013 898 2038 tinet
916 2013 950 2038 ad
969 2013 1218 2045 contemplationem
1238 2016 1264 2039 et
1282 2013 1411 2039 actionem
1425 2014 1477 2039 569

834 2064 862 2082 V.
881 2057 914 2082 33
933 2070 969 2076 —
988 2058 1104 2089 perfecta
1118 2057 1236 2083 consistit
1249 2057 1275 2083 in
1291 2057 1403 2083 volendo
1416 2057 1479 2084 sub—

835 2101 920 2127 iacere
946 2102 987 2127 Vll
1016 2102 1062 2127 464
1092 2101 1126 2127 95
1144 2116 1180 2120 -
1198 2101 1351 2127 Vivendum
1377 2104 1417 2128 est.
1441 2109 1478 2128 se-

833 2145 951 2171 cundum
980 2146 1099 2178 regulam
1127 2145 1290 2172 rectitudinis
1317 2146 1368 2172 268
1389 2146 1423 2172 50
1441 2160 1477 2165 -

833 2188 903 2215 bona
922 2197 1057 2223 nunquam
1078 2193 1117 2215 est
1135 2190 1217 2215 otiosa
1237 2190 1287 2215 398
1310 2189 1342 2215 43

888 2247 924 2253 -
943 2234 1103 2266 Principium
1123 2234 1194 2260 vitae
1212 2233 1355 2266 spiritualis
1379 2237 1419 2260 est
1436 2241 1476 2260 cx-

835 2285 898 2303 uere
916 2279 1048 2304 carnalem
1068 2278 1204 2309 affectum,
1223 2285 1276 2303 non
1290 2279 1477 2310 concupiscere

834 2325 859 2347 et
883 2322 1014 2348 declinare
1039 2329 1053 2347 a
1080 2322 1150 2348 malo
1169 2322 1210 2348 Vll
1237 2322 1289 2348 375
1308 2322 1350 2348 52.
1371 2323 1422 2348 376
1443 2323 1475 2348 53

834 2381 868 2385 -
887 2370 974 2392 sancta
1000 2366 1167 2398 cognoscitur
1187 2373 1233 2399 per
1253 2367 1431 2393 austeritatem
1451 2370 1477 2393 et

834 2411 948 2437 excludit
957 2417 1062 2436 omnem
1074 2414 1174 2444 potum,
1189 2411 1234 2444 qui
1248 2414 1334 2443 potest
1347 2411 1475 2437 inebriare

837 2455 868 2480 46
890 2454 923 2481 24
942 2468 978 2474 -
997 2455 1046 2488 Qui
1066 2455 1122 2480 vult
1136 2455 1216 2481 vitani
1236 2456 1406 2488 apostolicam
1426 2456 1475 2482 du-

835 2506 895 2525 cere
919 2503 1037 2531 oportet,
1056 2499 1129 2532 quod
1148 2499 1252 2525 deserat
1271 2500 1401 2526 mundum
1423 2500 1473 2525 478

836 2543 868 2569 49
882 2557 917 2562 ——
931 2543 1072 2575 spiritualis
1085 2544 1244 2575 periclitatur
1258 2544 1285 2569 in
1298 2544 1398 2570 deliciis
1411 2543 1472 2570 ibid,

889 2602 924 2606 —
943 2588 1106 2619 dignoscitur
1126 2595 1173 2620 per
1191 2595 1298 2614 sensum
1324 2591 1349 2614 et
1374 2592 1475 2614 motum

836 2632 877 2658 Vll
899 2632 943 2657 471
969 2632 1002 2657 26
1022 2646 1057 2650 —-
1076 2632 1244 2664 cognoscitur
1263 2639 1308 2664 per
1321 2639 1426 2658 sensum
1440 2633 1476 2659 di-

835 2677 986 2708 scretionis,
1005 2677 1134 2709 loquelam
1159 2677 1342 2708 confessionis,
1369 2680 1475 2709 gustum

835 2720 982 2747 devotionis
1007 2724 1032 2747 et
1050 2720 1147 2747 bonam
1173 2721 1351 2753 operationem
1373 2722 1405 2747 Vl
1424 2721 1475 2747 558

835 2772 861 2790 v.
882 2764 914 2790 47
934 2779 969 2783 -
990 2765 1102 2791 Vivendi
1117 2765 1212 2791 modus
1225 2765 1365 2797 spiritualis
1377 2769 1417 2791 est
1429 2772 1476 2798 per

835 2809 914 2835 fldem
934 2809 1064 2839 veritatis,
1083 2816 1131 2841 per
1150 2816 1267 2835 amorem
1281 2809 1414 2840 bonitatis,
1429 2817 1476 2842 per

835 2859 914 2885 opera
934 2853 1037 2879 virtutis
1056 2853 1107 2879 564
1127 2853 1143 2879 5
1162 2867 1198 2872 —
1216 2854 1315 2879 Novem
1334 2857 1395 2879 sunt
1408 2854 1476 2879 vitae

836 2898 976 2929 spiritualis
995 2898 1169 2930 proprietates
1189 2898 1239 2923 205
1259 2905 1285 2923 v.
1305 2898 1320 2923 3

887 2954 923 2960 -
942 2942 1028 2967 Status
1056 2941 1125 2966 vitae
1150 2944 1188 2967 est
1216 2945 1297 2967 status
1325 2941 1423 2973 gratiae
1443 2941 1474 2966 Vl

835 2985 886 3010 563
908 2985 917 3010 -1
941 2998 976 3004 -
997 2986 1087 3010 Portae
1106 2986 1174 3010 vitae
1193 2989 1253 3011 sunt
1271 2985 1370 3017 gratiae
1388 2988 1413 3010 et
1426 2985 1475 3010 vir-

836 3032 902 3055 tutes
921 3028 973 3054 595
993 3030 1008 3054 2
1029 3042 1062 3047 -
1076 3029 1173 3054 'Vivere
1186 3032 1225 3054 est
1239 3036 1285 3061 per
1298 3029 1408 3060 gratiam
1424 3029 1451 3054 31
1465 3030 1469 3053 1

837 3072 869 3098 49
888 3086 923 3092 -
941 3072 1059 3099 Christus
1078 3073 1158 3098 vitam
1179 3073 1278 3105 gratiae
1298 3072 1379 3098 verbo
1393 3073 1437 3098 dut
1450 3076 1475 3098 et

835 3120 973 3142 conservat
992 3115 1054 3142 ibid.
1074 3117 1125 3142 385
1146 3117 1177 3142 42
1192 3131 1226 3135 --
1240 3117 1338 3148 gratiae
1356 3119 1475 3142 servatur

836 3167 883 3192 per
901 3161 1060 3186 voluntatem
1080 3159 1173 3186 Christi
1194 3161 1244 3186 626
1265 3167 1289 3186 ν.
1310 3161 1343 3186 22
1362 3174 1396 3179 -
1416 3160 1473 3185 Vita

835 3203 938 3229 animae
962 3210 1015 3230 non
1041 3204 1208 3229 vivificantur
1233 3211 1339 3236 omnes,
1356 3204 1402 3230 sed
1423 3210 1475 3229 cre-

835 3247 927 3272 dentes
947 3248 992 3273 311
1019 3247 1051 3273 48

887 3303 923 3310 -
942 3291 990 3316 Via
1011 3291 1182 3322 perveniendi
1200 3291 1234 3317 ad
1254 3291 1333 3317 vitam
1360 3293 1398 3316 est
1420 3297 1475 3316 ver-

836 3332 898 3360 bum
919 3334 1052 3360 doctrinae
1072 3335 1103 3360 Vl
1124 3335 1174 3360 563
1195 3336 1204 3360 4
1228 3348 1264 3354 -
1284 3335 1358 3360 Vitae
1371 3334 1474 3361 novitas

2096 204 2160 236 855

1811 246 1866 271 Vt‘r

1522 288 1611 320 incipit
1630 289 1654 314 in
1681 288 1812 320 baptismo
1838 293 1897 321 post
1922 290 2101 317 liberationem
2126 291 2162 317 ab

1520 332 1685 358 immunditia
1706 333 1757 358 302
1777 340 1790 358 a
1811 348 1845 352 —
1866 334 1940 359 Vitae
1955 338 2069 361 vetustas
2082 336 2162 367 depo—

1519 377 1604 401 nenda
1624 378 1743 409 exemplo
1762 377 1855 403 Christi
1875 380 2035 410 resurgentis
2048 379 2080 405 ib.
2096 379 2113 404 b
2127 394 2161 398 ——

1518 420 1659 451 spiritualis
1685 422 1761 447 datur
1787 429 1833 453 per
1858 424 2082 453 regenerationem
2109 425 2160 449 280

1520 465 1552 489 43
1574 479 1606 482 -
1626 466 1725 496 gratiae
1745 466 1881 491 inchoatur
1901 467 1924 491 in
1945 467 1996 492 fide
2017 468 2062 492 441
2087 468 2120 492 28

1572 522 1607 527 -
1627 509 1755 534 Vivemus
1780 510 1831 535 vita
1859 511 1958 542 gratiae
1982 512 2102 536 exeundo
2127 512 2161 537 de

1519 555 1690 578 monumento
1716 554 1809 585 culpae
1834 558 1860 579 et
1885 555 2019 580 audiendo
2049 555 2159 580 verbum

1518 596 1652 622 doctrinae
1672 597 1703 622 Vl
1724 597 1775 622 564
1795 598 1811 622 5
1832 611 1865 615 -
1880 599 2050 624 Viviflcantur
2065 600 2160 624 mortui

1518 646 1532 664 a
1552 640 1606 665 Deo
1629 641 1762 671 effective,
1788 648 1801 666 a
1828 641 1930 667 Christo
1956 644 2100 674 meritorie,
2127 643 2160 669 ab

1519 684 1624 709 homine
1644 685 1800 716 dispositive
1819 686 1866 711 56l
1890 694 1917 712 ν.
1937 687 1965 711 24
1990 701 2023 705 -
2039 688 2112 712 l’ater
2125 688 2161 713 vi-

1518 728 1606 754 vificat
1624 735 1638 753 a
1659 733 1742 754 morte
1760 733 1884 760 naturae,
1908 731 2014 762 culpae,
2040 732 2161 757 miseriae

1517 771 1580 798 ibid.
1597 786 1633 792 —
1652 774 1691 799 Ad
1712 773 1791 799 vitam
1812 775 1972 806 spiritualem
1993 782 2021 801 se
2046 776 2160 807 disponit

1517 818 1597 842 homo
1610 820 1747 849 peccatum
1761 818 1931 850 dimittendo,
1945 820 1978 845 de
1992 824 2098 851 peccato
2113 821 2159 846 do-

1517 861 1608 892 lendo,
1632 861 1656 887 in
1683 860 1753 887 bono
1772 869 1800 888 se
1820 864 1964 889 exercendo
1984 863 2045 890 ibid.
2066 878 2100 883 —
2119 865 2159 890 Ad

1517 905 1597 931 vitam
1622 906 1783 937 spiritualem
1805 907 1952 939 disponitur
1972 910 2052 934 homo
2071 916 2084 934 a
2106 909 2158 934 Deo

1517 949 1620 982 flagello
1639 951 1827 983 correptionis,
1847 951 1929 978 verbo
1944 953 2159 984 praedicationis,

1517 994 1599 1025 gratia
1620 994 1796 1027 inspirationis
1817 997 1867 1021 562
1889 1004 1914 1022 ν,
1934 998 1961 1022 21
1987 1012 2020 1015 -
2035 999 2159 1029 ignoran—

1517 1038 1549 1064 tia
1579 1040 1664 1065 aufert
1689 1040 1768 1065 vitam
1796 1040 1978 1072 intelligentiae
2004 1042 2055 1067 589
2082 1043 2097 1067 6
2125 1056 2158 1060 —-

1517 1083 1598 1115 Culpa
1618 1085 1701 1109 aufert
1721 1085 1800 1110 vitam
1821 1086 1920 1117 gratiae
1939 1085 2000 1112 ibid.

1569 1142 1604 1147 -
1623 1129 1726 1154 animae
1745 1132 1783 1154 est
1809 1130 1878 1155 Deus
1897 1130 1930 1155 Vl
1954 1131 2001 1155 189
2022 1138 2047 1155 v.
2068 1131 2101 1156 20
2123 1146 2156 1149 -

1516 1172 1594 1198 datur
1612 1179 1625 1198 a
1647 1173 1778 1205 Sapientia
1799 1174 1887 1199 divina
1909 1175 1960 1200 327
1974 1175 2007 1200 56
2022 1189 2055 1193 -
2070 1175 2157 1201 Vitam

1515 1220 1648 1242 aeternam
1668 1218 1856 1250 conseQuimur
1876 1226 1923 1250 per
1939 1219 2030 1245 Filium
2053 1220 2102 1245 328
2124 1221 2151 1245 61

1516 1275 1551 1280 -
1570 1261 1648 1287 datur
1667 1269 1681 1287 a
1701 1262 1763 1288 Filio
1783 1263 1844 1293 Dei,
1863 1264 1908 1296 qui
1929 1267 1967 1289 est
1981 1264 2033 1289 vita
2047 1264 2098 1289 312
2114 1264 2156 1290 50.

1517 1306 1568 1331 325
1583 1306 1625 1332 43.
1639 1307 1690 1332 330
1705 1307 1739 1332 75
1751 1321 1785 1325 -
1795 1308 1847 1333 Nos
1860 1308 1976 1333 vivimus
1990 1315 2037 1340 per
2049 1309 2156 1341 Filium,

1517 1350 1578 1382 quia
1593 1350 1626 1376 ab
1641 1351 1697 1383 ipso
1712 1350 1842 1377 habemus
1861 1352 1951 1383 vitam,
1965 1356 1990 1378 et
2003 1353 2064 1385 quia
2079 1354 2157 1379 Filius

1518 1398 1605 1420 manet
1625 1395 1650 1420 in
1670 1394 1759 1428 nobis,
1780 1399 1805 1421 et
1824 1396 2021 1428 participatione
2034 1396 2090 1423 eius
2104 1405 2155 1423 me-

1517 1439 1594 1465 liores
1612 1440 1741 1465 efficimur
1761 1440 1812 1466 335
1827 1441 1859 1466 93
1876 1441 1904 1466 2·
1917 1455 1952 1460 -
1965 1444 2004 1467 est
2017 1449 2074 1467 esse
2093 1449 2154 1467 curn

1516 1483 1618 1509 Christo
1638 1484 1680 1509 Vll
1701 1485 1752 1510 580
1773 1484 1801 1510 51

1569 1541 1605 1546 -
1624 1527 1742 1554 Christus
1760 1532 1800 1554 est
1818 1529 1870 1554 vita
1891 1530 2012 1556 affectum
2033 1538 2156 1562 pascens,

1518 1571 1570 1597 vita
1591 1572 1756 1604 indeficiens,
1787 1573 1838 1598 vita
1868 1573 1892 1598 in
1914 1575 2032 1605 praemio
2053 1575 2083 1600 Vl
2106 1575 2156 1600 437

1517 1616 1542 1641 7.
1562 1616 1613 1641 602
1633 1624 1659 1641 ν.
1680 1617 1695 1641 6
1715 1631 1750 1635 -
1770 1616 1887 1643 Christus
1907 1622 1945 1643 est
1963 1618 2015 1643 wita
2037 1619 2060 1643 in
2082 1626 2157 1650 prae-

1517 1660 1570 1685 mio
1591 1660 1642 1686 217
1663 1668 1689 1686 ν.
1712 1661 1721 1685 4
1745 1674 1781 1680 -—
1799 1661 1917 1687 Christus
1937 1662 1981 1688 dat
2000 1663 2080 1688 vitam
2101 1670 2158 1695 gra—

1518 1704 1568 1729 tiae
1587 1707 1613 1729 et
1632 1704 1712 1730 vitam
1733 1705 1832 1736 gloriae
1851 1706 1902 1731 330
1922 1706 1965 1737 72,
1984 1706 2027 1732 74.
2049 1707 2099 1733 385
2117 1709 2157 1733 12.

1517 1747 1568 1773 450
1590 1749 1621 1773 48
1643 1762 1677 1766 ——
1697 1752 1800 1775 aeterna
1830 1750 1908 1775 datur
1937 1757 1951 1775 a
1980 1750 2082 1777 Christo
2110 1759 2157 1784 per

1517 1792 1733 1824 glorificationem
1754 1793 1804 1819 468
1826 1793 1841 1819 4
1863 1809 1895 1813 —
1916 1795 2014 1826 gloriae
2034 1796 2156 1823 tribuitur

1516 1843 1530 1862 a
1550 1837 1684 1863 voluntate
1708 1837 1801 1864 Christi
1825 1839 1876 1864 626
1898 1847 1922 1864 v.
1944 1840 1976 1865 22
1996 1853 2031 1859 -
2051 1840 2156 1867 Mandu—

1516 1888 1578 1908 cans
1596 1889 1702 1908 carnem
1723 1882 1817 1909 Christi
1837 1883 1916 1909 habet
1928 1884 2008 1909 vitam
2023 1889 2155 1911 aeternam

1515 1926 1619 1952 animae
1638 1927 1679 1953 vel
1700 1927 1725 1953 in
1745 1928 1851 1959 merito,
1872 1928 1912 1953 vel
1931 1929 1993 1961 quia
2013 1929 2064 1954 iam
2090 1937 2157 1962 quo-

1516 1970 1577 1997 dam
1597 1971 1678 1997 modo
1697 1971 1795 1998 habere
1814 1972 1911 2004 incepit
1930 1973 1980 1998 333
1996 1973 2028 1999 84
2045 1988 2076 1992 -
2090 1974 2157 1999 Man-

1516 2015 1615 2041 ducans
1635 2022 1740 2042 carnem
1760 2015 1854 2042 Christi
1875 2016 1982 2043 habebit
2002 2018 2082 2043 vitam
2098 2025 2155 2050 gra-

1517 2060 1567 2085 tiae
1587 2060 1637 2085 332
1659 2060 1701 2085 83.
1721 2061 1772 2086 333
1793 2061 1826 2087 85

1568 2119 1603 2123 -
1623 2104 1751 2130 Dominus
1778 2112 1858 2137 saepe
1876 2106 1996 2138 promisit
2015 2107 2095 2132 vitam
2116 2114 2156 2133 ae—

1515 2140 1630 2180 ternam,
1652 2152 1680 2174 ut
1707 2148 1741 2174 ab
1760 2156 1851 2176 amore
1870 2153 1987 2176 terrenae
2012 2151 2079 2177 vitae
2098 2151 2155 2177 abs-

1514 2194 1599 2219 trahat
1618 2192 1651 2219 ad
1670 2196 1803 2219 aeternam
1825 2194 1858 2219 Vl
1887 2194 1937 2220 333
1963 2195 1996 2220 88
2015 2210 2050 2214 —
2069 2195 2154 2221 Homo

1515 2236 1594 2262 debet
1613 2237 1729 2268 aspirare
1748 2237 1781 2263 ad
1801 2238 1881 2263 vitam
1905 2242 2036 2264 aeternam
2051 2239 2084 2265 52
2098 2247 2124 2265 v.
2138 2240 2153 2264 8

1514 2296 1549 2300 —
1568 2281 1623 2307 Non
1642 2284 1680 2307 tot
1698 2284 1759 2307 sunt
1778 2282 1889 2308 humiles
1908 2286 1933 2308 et
1952 2283 1985 2308 ad
2006 2283 2085 2309 vitam
2114 2291 2155 2310 ae-

1514 2328 1614 2351 ternam
1635 2326 1788 2357 voluntarii,
1807 2329 1872 2359 quot.
1891 2331 1951 2352 sunt
1970 2334 1984 2353 a
2003 2327 2057 2353 Deo
2078 2335 2154 2360 prae-

1514 2369 1634 2395 destinati
1653 2370 1696 2395 Vll
1717 2370 1768 2396 374
1786 2370 1818 2395 48
1838 2384 1873 2389 -—
1893 2371 2036 2397 Erroneum
2050 2375 2151 2398 estnon

1515 2420 1615 2446 ponere
1633 2414 1710 2439 aliam
1730 2414 1811 2440 vitam
1833 2415 1862 2440 Vl
1883 2415 1916 2440 36
1937 2422 1962 2441 v.
1983 2417 2016 2441 22

1567 2472 1602 2477 -
1622 2458 1691 2484 Vere
1710 2458 1782 2484 vivet
1801 2459 1845 2491 qui
1865 2459 1898 2485 ad
1918 2463 2050 2485 aeternam
2071 2461 2151 2486 vitam

1514 2503 1651 2534 perveniet
1680 2502 1720 2528 Vll
1748 2503 1798 2528 268
1829 2503 1861 2529 50
1888 2518 1922 2522 -
1947 2505 2032 2530 futura
2054 2506 2154 2536 praefe-

1514 2547 1593 2572 renda
1624 2547 1754 2579 praesenti
1783 2547 1815 2573 Vl
1837 2547 1870 2574 55
1899 2556 1925 2573 v.
1955 2549 1969 2573 2
1998 2563 2032 2567 -
2052 2549 2154 2575 excedit

1515 2591 1668 2623 temporalia
1689 2592 1714 2616 in
1735 2591 1862 2617 infinitum
1887 2592 1928 2618 Vll
1949 2592 2000 2617 467
2019 2593 2047 2618 51
2072 2606 2107 2612 -
2127 2595 2152 2619 in

1514 2638 1617 2661 aeterna
1638 2635 1690 2661 vita
1710 2634 1821 2661 habetur
1840 2642 1898 2662 esse
1925 2636 2094 2668 deliciosum,
2113 2644 2154 2663 co·

1515 2679 1634 2712 piosum,
1654 2686 1792 2712 securum,
1822 2680 1903 2706 immo
1922 2681 2011 2706 omnia
2031 2680 2099 2706 bona
2120 2681 2152 2707 vl

1514 2724 1548 2749 52
1568 2731 1594 2749 ν.
1614 2724 1628 2749 8
1648 2738 1682 2742 -
1702 2724 1801 2756 gloriae
1826 2727 1865 2750 est
1890 2724 2028 2751 abundans
2047 2726 2099 2751 385
2120 2727 2152 2752 12

1513 2781 1548 2787 -
1568 2771 1671 2793 aeterna
1690 2771 1729 2793 est
1747 2767 1868 2794 sublimis
1888 2768 1938 2793 242
1958 2768 1973 2793 7

1567 2825 1602 2831 —
1621 2812 1689 2837 Fons
1708 2812 1776 2837 vitae
1804 2815 1925 2837 aeternae
1954 2811 2083 2840 beatificat
2102 2815 2153 2839 ani·

1515 2862 1584 2880 marn
1607 2855 1637 2881 Vl
1657 2855 1708 2881 555
1731 2856 1746 2880 2
1765 2868 1800 2874 -
1820 2855 1894 2881 beata
1924 2860 1962 2882 est
1990 2857 2015 2882 in
2046 2858 2090 2884 Dei
2109 2858 2152 2884 ad·

1514 2899 1644 2924 haerentia
1672 2899 1713 2924 Vll
1734 2899 1785 2925 274
1805 2899 1838 2925 72
1858 2914 1893 2918 -
1913 2904 2017 2926 aeterna
2036 2906 2076 2927 est
2094 2908 2152 2927 con-

1515 2942 1609 2968 iunctio
1630 2949 1690 2968 cum
1711 2943 1779 2969 fonte
1799 2944 1868 2969 vitae
1889 2944 1939 2969 467
1953 2945 1981 2970 51
1999 2958 2034 2964 -
2047 2949 2150 2970 aeterna

1514 2986 1624 3012 habetur
1653 2987 1677 3011 in
1707 2987 1855 3019 cognitione
1885 2988 1943 3018 Dei,
1968 2989 2012 3020 qui
2035 2992 2074 3014 est
2098 2989 2150 3014 vita

1513 3033 1615 3055 aeterna
1637 3030 1667 3055 Vl
1689 3030 1741 3056 3l5
1760 3031 1803 3056 67.
1825 3031 1874 3056 442
1895 3032 1937 3057 30.
1959 3031 2009 3057 468
2030 3033 2045 3058 5
2064 3039 2151 3058 —ae-

1513 3076 1583 3099 terna
1604 3077 1642 3099 cst
1661 3080 1822 3106 cognoscere
1840 3075 1924 3100 solum
1955 3075 2036 3101 Deum
2057 3083 2149 3101 verum

1513 3117 1559 3143 631
1585 3117 1617 3142 47

1565 3174 1600 3180 -—-
1620 3164 1723 3186 aeterna
1743 3168 1757 3186 a
1778 3161 1830 3187 Deo
1860 3163 1972 3194 petenda
1992 3163 2023 3189 w
2046 3163 2095 3189 464
2116 3164 2150 3189 37

1513 3218 1546 3223 -
1565 3204 1606 3230 Ad
1624 3205 1705 3230 vitam
1734 3208 1865 3231 aeternam
1894 3213 1945 3232 non
1971 3210 2056 3238 potest
2081 3211 2151 3233 recte

1512 3248 1567 3273 sine
1586 3248 1735 3280 cognitione
1754 3250 1887 3280 perveniri
1907 3250 1940 3275 52
1960 3257 1984 3275 v.
2005 3250 2021 3275 9
2042 3264 2074 3269 -
2094 3250 2152 3276 Cre-

1512 3291 1602 3317 dentes
1621 3291 1718 3317 nabent
1738 3292 1817 3318 vitam
1847 3297 1977 3319 aeternam
2007 3294 2032 3319 ln
2058 3295 2156 3320 merito

1513 3335 1563 3361 288
1584 3335 1617 3360 58
1637 3349 1671 3354 —
1691 3339 1796 3362 aeterna
1815 3336 1892 3362 datur
1911 3337 2079 3364 credentibus
2098 3338 2144 3364 311
