2427 3872
446 227 511 253 MER

159 271 205 304 qui
224 271 343 298 serviunt
355 278 404 304 pro
421 271 544 297 mercede
556 273 662 296 aeterna
682 273 707 296 et
720 269 802 296 abun-

158 317 223 343 dant
242 318 390 349 frequenter
406 311 522 348 ‘panibus
541 315 616 346 fldei,
636 315 693 347 spei
719 317 744 340 et
763 321 802 340 ca-

158 361 241 388 ritatis
260 360 322 388 ibid.
341 374 376 380 —-
395 363 434 387 est
453 360 499 393 qui
512 360 593 386 servit
612 367 642 385 ex
661 366 709 391 spe
729 360 802 384 here-

157 406 247 432 ditatis
265 408 387 431 aeternae
406 405 457 431 394
477 405 507 430 31
528 418 564 424 -
582 404 627 437 qui
645 404 726 430 servit
744 411 804 435 pro-

157 453 217 483 pter
236 450 389 476 mercedem·
406 449 577 481 temporalem
595 451 634 474 cst
653 448 803 480 vituperan-

158 495 224 527 dus,
243 495 290 521 sed
318 494 501 526 sustinendus;
520 493 566 527 qui
595 493 677 519 servit
694 495 803 524 propter

158 540 309 566 mercedem
323 542 455 565 aeternam
475 542 514 564 est
537 536 742 570 approbandus,
755 536 801 562 sed

156 593 210 612 non
229 585 337 611 omnino
355 583 517 610 extollendus
536 583 570 608 Vl
590 582 641 608 388
661 581 695 607 27

210 630 312 656 Manat-:s
330 642 365 648 -
384 629 539 654 Sanctorum
553 629 593 652 est
610 626 668 658 ipse
681 626 751 651 Deus
770 625 802 650 Vl

158 674 209 700 142
228 682 256 700 v,
278 674 308 699 16
329 688 363 692 -
382 672 480 705 gloriae
508 674 547 697 est
569 677 678 703 magna,
704 670 802 699 multa,

156 722 261 745 aeterna
282 718 332 744 559
353 725 380 743 v.
399 717 433 742 36
449 730 484 735 -
504 714 657 741 metentium
683 716 709 740 et
727 713 802 739 semi-

157 764 275 790 nantium
295 769 346 788 non
373 764 412 787 est
436 760 602 793 temporalis,
627 759 675 785 sed
697 761 801 784 aeterna

157 809 209 834 298
230 807 263 833 56
277 806 406 832 —multa
426 804 543 831 consistit
561 804 587 829 in
607 803 745 830 duratione
759 809 802 828 ae-

158 852 284 879 ternitatis
303 851 345 877 Vll
368 850 416 876 147
434 850 475 875 49.
498 849 548 874 158
568 848 603 874 84

211 912 246 916 --
258 895 385 922 Mercedis
398 894 537 920 multitudo
551 892 711 926 promittitur
723 891 800 918 susti-

155 941 280 968 nentibus
298 940 366 966 mala
380 946 481 972 poenae
501 938 544 964 Vll
566 937 616 963 148
638 937 680 962 49.
702 936 752 962 149
766 935 799 962 54

155 1000 192 1006 -
211 986 291 1011 multa
311 987 337 1010 et
352 986 480 1016 perpetua
500 980 800 1015 promittitur'patienti-

155 1030 208 1057 bus
229 1029 278 1055 150
299 1029 333 1054 55
352 1042 387 1048 -
407 1027 486 1053 multa
506 1026 666 1059 promittitur
680 1025 798 1058 diligenti

155 1075 292 1101 inimicum
314 1073 364 1099 158
384 1072 417 1098 84

209 1134 245 1138 -
264 1119 364 1144 Novem
384 1116 487 1149 species
503 1115 633 1142 mercedis
651 1115 798 1141 secundum

154 1170 251 1190 novem
266 1162 357 1188 merita
377 1161 419 1187 Vll
435 1161 485 1186 150
506 1159 539 1186 57
558 1174 593 1178 —
612 1162 716 1185 aeterna
730 1165 799 1185 com-

155 1210 273 1234 mutatur
292 1207 316 1232 111
337 1205 507 1238 temporalem
522 1211 570 1237 pro
589 1210 680 1230 amore
700 1203 799 1236 gloriae

156 1252 208 1278 367
223 1252 256 1278 29
276 1266 312 1270 -
334 1251 383 1276 Pro
397 1249 519 1275 mercede
538 1248 675 1281 temporali
698 1247 799 1273 frauda-

156 1300 199 1323 tur
218 1296 278 1329 quis
294 1298 398 1321 aeterna
417 1293 479 1320 ibid.
495 1307 531 1313 —
549 1293 664 1325 Utraque
677 1293 800 1318 mercede

155 1341 238 1373 digna
259 1343 319 1366 sunt
342 1346 411 1372 quae
426 1341 534 1370 propter
553 1337 637 1363 Deum
660 1337 725 1362 flunt
737 1335 799 1362 ibid.

210 1399 245 1404 —
270 1384 413 1411 carnalIum
438 1385 476 1408 est
500 1381 706 1414 praesentialiter
730 1381 800 1407 dele-

156 1430 221 1456 ctari
242 1430 274 1455 vl
293 1428 327 1454 74
348 1436 373 1454 v.
394 1428 409 1453 9

210 1474 341 1500 lllaaariux
361 1487 396 1491 —
414 1471 531 1498 Carnalis
549 1471 672 1503 voluptas
690 1472 730 1496 est
748 1476 800 1495 me-

154 1518 234 1545 retrix
253 1517 389 1543 blandiens
404 1516 436 1542 Vl
451 1516 502 1541 568
521 1515 537 1540 7
550 1529 586 1534 —
599 1514 708 1540 Vanitas
727 1521 799 1540 mun-

157 1563 224 1589 dana
244 1565 283 1588 est
302 1561 423 1587 meretrix
444 1566 538 1592 magna
559 1559 610 1585 547
630 1559 645 1584 3

197 1607 331 1633 Menum-:s
344 1619 378 1624 —
388 1604 518 1636 significat
530 1605 714 1629 vehementem
728 1609 798 1628 amo—

152 1658 209 1677 rem
228 1650 343 1677 caritatis
357 1650 387 1675 Vl
405 1650 435 1674 v13
450 1656 476 1674 v,
489 1648 505 1673 7
516 1663 551 1666 -
564 1650 604 1673 est
617 1648 721 1673 fervens
735 1647 798 1672 San-

151 1698 255 1722 ctorum
274 1694 377 1720 dilectio
396 1692 473 1719 ibid.-

206 1740 325 1765 Mannum
343 1752 379 1757 —
407 1740 446 1763 est
475 1737 652 1763 voluntarium
681 1736 715 1761 Vl
745 1735 791 1760 331

152 1784 186 1809 79
209 1783 235 1809 l·
254 1797 290 1802 —
311 1783 437 1808 Voluntas
454 1781 586 1807 meritoria
605 1783 644 1806 est
666 1782 691 1805 et
709 1779 797 1805 deme-

151 1828 242 1854 ritoria
261 1826 322 1854 ibid.
341 1841 376 1845 —
390 1828 508 1859 Quatuor
530 1827 590 1851 sunt
610 1830 706 1856 genera
721 1823 796 1849 meri-

151 1875 238 1898 torum
260 1871 417 1904 erigentium
436 1877 485 1896 nos
506 1869 541 1895 ad
562 1869 645 1894 Deuui
666 1871 691 1894 et
704 1868 796 1894 rectili-

150 1916 265 1942 cantium
279 1915 392 1941 liberum
405 1914 542 1940 arbitrium
553 1916 673 1939 nostrum
687 1913 730 1938 Vll
745 1912 795 1938 147

152 1961 186 1987 49
205 1975 240 1979 -
259 1959 420 1993 proveniunt
438 1965 469 1984 ex
489 1958 565 1984 bonis
584 1956 795 1990 cogitationibus,

149 2004 350 2035 affectionibus,
376 2003 553 2029 locutionibus
583 2005 609 2028 et
639 2002 795 2035 operationi-

150 2048 201 2075 bus
220 2049 253 2075 Vl
272 2048 302 2074 71
327 2055 353 2074 v.
375 2049 384 2074 1
415 2062 451 2067 -
475 2054 601 2080 praesens
625 2047 742 2073 consistit
769 2047 795 2072 in

150 2093 301 2126 cognitione
320 2092 436 2118 veritatis
456 2099 503 2124 per
526 2091 622 2122 fldem,
642 2091 669 2117 in
693 2092 794 2117 confor-

149 2138 240 2164 mitate
261 2139 392 2163 humanae
411 2139 437 2162 et
459 2136 566 2162 divinae
584 2135 725 2162 voluntatis
747 2142 795 2168 per

148 2188 268 2208 amorem
290 2182 340 2207 128
360 2189 386 2207 v.
406 2181 421 2206 9
435 2194 470 2200 —
483 2180 603 2212 Pelagius
622 2180 702 2212 dicit,
721 2180 794 2214 quod

149 2233 197 2259 per
219 2226 345 2252 naturalia
364 2224 492 2257 contingit
512 2225 607 2250 mereri
637 2224 689 2250 264
712 2224 745 2250 87

204 2284 238 2289 ——
256 2270 382 2296 perfectio
401 2269 487 2295 meriti
506 2272 545 2295 est
563 2269 591 2294 in
605 2268 695 2295 habitu
715 2269 794 2295 virtu-

151 2315 184 2341 tis
202 2318 228 2341 et
247 2314 339 2346 spiritu
363 2314 480 2339 veritatis
509 2314 550 2339 Vll
572 2314 605 2339 58
626 2313 660 2339 58
679 2328 715 2332 ——-
734 2320 793 2339 con-

149 2359 215 2385 sistit
235 2359 259 2385 in
279 2358 388 2384 victoria
408 2358 578 2384 tentationum
598 2358 631 2383 89
653 2358 662 2383 1
686 2373 721 2376 -
735 2365 794 2384 eon-

148 2404 214 2430 sistit
233 2404 259 2429 in
277 2403 418 2435 asperitate
436 2402 496 2428 viae
514 2402 566 2428 225
586 2403 619 2428 29

203 2462 237 2466 -
267 2447 418 2473 Secundum
445 2447 610 2472 diversitates
638 2447 792 2472 meritorum

148 2495 226 2518 erunt
243 2491 405 2517 differentiae
424 2491 603 2523 praemiorum
623 2491 665 2516 Vll
687 2490 738 2516 150
758 2490 792 2515 57

147 2550 183 2554 -
196 2535 235 2562 Ad
249 2535 436 2568 perfectionem
451 2535 535 2561 meriti
549 2541 598 2560 non
613 2535 720 2565 sufficit,
734 2541 793 2560 esse

148 2579 307 2606 benevolum
326 2582 448 2611 respectu
467 2579 624 2611 amantium,
648 2586 696 2605 nec
715 2578 792 2604 bene-

148 2624 228 2650 ficum
241 2627 363 2656 respectu
375 2623 589 2654 retribuentium,
608 2630 656 2649 nec
675 2630 792 2649 commu-

147 2668 292 2694 nicativum
311 2671 432 2700 respectu
455 2667 713 2700 recompensantium
740 2668 790 2693 156

148 2711 198 2743 77,
223 2711 257 2737 78
282 2725 319 2731 —-
343 2711 471 2738 Cumulus
495 2712 662 2744 perfectionis
689 2711 792 2737 merito-

147 2763 207 2782 rum
228 2756 318 2788 incipit
336 2763 351 2782 a
374 2756 545 2782 fundamento
564 2756 666 2782 timoris
691 2759 717 2782 ct
735 2763 792 2788 per-

146 2800 220 2826 venit
238 2807 323 2833 usque
350 2800 385 2826 ad
404 2801 510 2826 culmen
528 2801 672 2832 sapientiae
699 2800 791 2826 deifor-

147 2844 198 2870 mis
217 2844 269 2869 377
289 2844 323 2869 57
342 2857 378 2863 -
396 2844 435 2869 Ad
461 2845 597 2870 cumulum
622 2844 791 2877 perfectionis

147 2894 200 2914 non
214 2887 366 2920 pervenitur
386 2887 434 2913 nisi
451 2887 486 2913 ab
505 2888 704 2915 aedificantibus
723 2888 791 2914 aedi-

147 2932 237 2958 sscium
256 2934 358 2964 septem
378 2932 505 2958 virtutum
525 2931 588 2959 ibid.

201 2977 281 3001 —ln
310 2976 363 3001 vita
393 2978 432 3001 est
460 2976 533 3002 loeus
560 2976 679 3002 merendi
704 2977 735 3002 Vl
755 2976 789 3002 72

145 3026 173 3045 ν.
193 3020 208 3045 3
227 3033 263 3038 -
282 3020 391 3051 Semper
410 3019 585 3045 laborandum
603 3020 628 3046 in
642 3021 789 3052 profectum

146 3063 232 3089 meriti
252 3063 295 3089 Vll
315 3063 367 3089 347
382 3063 410 3089 41
428 3077 463 3082 —
477 3063 596 3096 Tempus
610 3064 694 3094 meriti
709 3064 790 3090 breve

147 3110 187 3133 est
205 3107 238 3133 Vl
257 3108 292 3133 75
312 3115 338 3133 v.
359 3108 392 3133 10

200 3165 236 3169 -
255 3151 297 3177 Sic
316 3152 395 3184 elegit
413 3159 461 3177 nos
474 3152 556 3183 Deus,
576 3154 605 3178 ut
623 3158 671 3184 per
696 3152 789 3178 merita

147 3194 209 3220 fidei
228 3194 416 3221 beatitudinem
442 3202 638 3228 consequamur
657 3202 704 3228 per
723 3195 790 3221 arbl-

147 3238 188 3264 trii
208 3238 288 3264 nostri
313 3239 525 3271 cooperationem
555 3239 589 3265 Vl
621 3240 672 3265 328
702 3239 735 3265 60
755 3253 790 3259 -

147 3283 233 3308 iustus
260 3282 371 3315 acquirit
399 3286 518 3315 tempore
542 3290 625 3315 parvo
657 3283 790 3315 meritum,

146 3326 219 3358 quod
237 3326 278 3351 alii
297 3327 438 3359 acquirunt
450 3334 497 3359 per
511 3327 592 3353 multa
605 3330 724 3360 tempora
740 3328 790 3353 135

256 3377 287 3405 S.
305 3379 411 3407 bonav.
421 3393 457 3400 —
470 3380 549 3407 Tom.
562 3381 617 3408 Vll.

831 182 867 214 IN
891 182 1184 215 COMMENTARIOS
1208 182 1237 215 S.
1263 182 1489 217 SCRIPTURAE

843 277 869 294 v.
890 270 923 295 13
943 284 978 288 -—
997 270 1082 295 Homo
1097 270 1213 302 ingratus
1227 277 1278 297 non
1292 274 1378 303 potest
1392 272 1486 297 mereri

840 314 967 346 gratiam,
987 315 1054 340 alius
1073 317 1161 340 autem
1181 318 1272 347 gratus
1286 318 1372 347 potest
1386 315 1419 341 illi
1435 323 1486 341 me-

840 358 893 384 reri
919 359 954 384 de
982 365 1100 390 congruo
1130 359 1181 384 610
1202 360 1217 384 6
1238 374 1272 378 -
1292 359 1422 386 bonorum
1448 363 1487 386 est

841 402 970 434 gaudium
989 406 1124 428 aeternum
1146 404 1196 428 130
1216 411 1243 429 ν.
1264 404 1298 429 15

895 461 928 465 -
948 446 1074 473 Discretio
1092 447 1204 479 diligens
1223 448 1338 474 facienda
1353 452 1392 474 est
1410 449 1486 474 meri-

841 493 927 517 torum
948 491 982 516 Vt
1002 491 1035 516 58
1056 499 1082 517 v.
1099 492 1131 516 16
1145 506 1181 510 -
1195 492 1305 518 multum
1326 493 1404 518 latent
1423 492 1485 519 ibid.

840 549 874 553 —
894 535 1008 561 hominis
1026 538 1086 561 sunt
1104 536 1130 561 in
1151 543 1230 561 manu
1249 536 1296 562 Dei
1315 536 1344 562 7Ι
1369 544 1396 562 ν.
1418 537 1426 561 1
1451 551 1486 556 -

840 582 975 612 nequeunt
993 580 1088 605 mutari
1109 583 1168 612 post
1186 583 1299 606 mortem
1319 580 1362 606 Vll
1381 580 1431 606 423
1452 581 1485 606 56

893 637 929 643 -
947 624 1053 657 Aliquid
1073 628 1112 650 est
1131 625 1228 651 iustum
1247 632 1295 657 per
1314 626 1486 657 comparatio-

840 675 901 694 nem
930 669 964 694 ad
987 669 1078 694 merita
1108 669 1228 702 propria,
1257 670 1298 695 vel
1321 669 1433 695 aliorum
1453 670 1485 695 vt

841 714 873 739 82
894 720 920 746 q.
942 714 950 739 1

893 772 928 776 -
948 758 1008 784 facit
1027 759 1060 784 de
1080 758 1197 785 indebito
1226 758 1361 789 debitum,
1382 759 1422 784 vel
1452 759 1486 785 de

838 801 928 828 debito
957 803 1042 835 magis
1069 803 1203 835 debitum,
1225 804 1266 829 vei
1295 803 1415 829 debitum
1435 804 1485 829 alio

840 847 920 873 modo
941 847 973 873 Vl
995 848 1046 873 390
1067 848 1109 874 32.
1130 847 1181 873 468
1202 848 1217 873 8

892 892 980 918 Messis
997 906 1034 911 —
1052 893 1116 918 dicit
1135 892 1314 918 collectionem
1331 894 1431 919 fructus
1451 893 1484 918 Vl

840 937 891 963 300
911 937 944 962 68
964 952 999 956 -
1019 937 1167 970 propinqua
1194 937 1319 963 dicuntur
1347 938 1431 970 parati
1450 937 1483 963 ad

839 982 1002 1007 credendum
1024 982 1075 1007 298
1096 982 1129 1008 55
1151 996 1184 1000 --
1204 985 1243 1008 est
1264 981 1340 1007 turba
1360 982 1393 1008 ad
1422 989 1484 1008 con-

838 1026 988 1052 versionem
1013 1029 1103 1058 parata
1124 1027 1167 1052 Vll
1188 1026 1238 1053 253
1254 1026 1269 1052 4

892 1086 925 1090 -
945 1072 1072 1097 Messores
1092 1072 1187 1097 messis
1215 1070 1309 1097 Christi
1337 1073 1399 1097 sunt
1417 1072 1484 1103 Apo.

836 1116 896 1142 stoli
922 1116 953 1142 Vl
983 1117 1034 1142 298
1064 1116 1106 1148 57,
1136 1116 1179 1141 58.
1205 1116 1257 1141 300
1287 1116 1320 1141 68
1342 1130 1375 1134 -
1395 1116 1485 1141 Messis

837 1160 937 1192 gratiae
955 1161 1129 1187 seminatores
1151 1163 1211 1186 sunt
1230 1161 1389 1193 Prophetae,
1416 1167 1484 1186 mes-

837 1212 911 1231 sores
936 1208 997 1231 sunt
1023 1205 1139 1237 Apostoli
1169 1205 1220 1230 298
1246 1205 1292 1230 58.
1322 1205 1373 1230 300
1394 1205 1428 1230 68
1449 1218 1484 1224 -

837 1250 927 1276 Messis
946 1250 1046 1281 gloriae
1074 1249 1246 1275 seminatores
1275 1253 1335 1275 sunt
1353 1249 1482 1282 Apostoli,

838 1301 970 1320 messores
987 1298 1048 1320 sunt
1068 1294 1161 1326 Angeli
1182 1294 1233 1319 300
1250 1294 1284 1319 68

891 1352 926 1357 -
945 1339 1031 1371 prima
1050 1342 1090 1364 est
1109 1339 1133 1364 111
1155 1341 1273 1370 tempore
1301 1339 1413 1370 gratiae,
1433 1338 1481 1364 alia

839 1383 923 1415 est—in
944 1386 1063 1415 tempore
1084 1383 1182 1415 gloriae
1211 1383 1244 1408 Vl
1264 1383 1315 1408 300
1337 1383 1369 1408 68
1389 1397 1425 1402 -
1444 1390 1481 1408 se-

838 1427 936 1453 minata
955 1427 1003 1453 fuit
1021 1427 1045 1452 in
1066 1427 1125 1459 lege
1144 1430 1264 1459 naturae,
1283 1427 1367 1453 crevit
1386 1427 1411 1452 in
1424 1427 1482 1459 lege

837 1471 948 1503 figurae,
966 1471 1101 1497 recollecta
1126 1474 1165 1497 est
1184 1471 1209 1496 in
1233 1474 1354 1503 tempore
1382 1471 1482 1503 gratiae

839 1517 881 1542 Vll
901 1516 952 1542 253
974 1515 988 1541 4
1007 1529 1043 1535 -
1062 1516 1209 1541 recollectio
1228 1515 1384 1541 universalis
1403 1516 1481 1542 estin

837 1563 957 1592 tempore
985 1560 1090 1591 ultimo,
1114 1560 1280 1592 particularis
1300 1560 1325 1585 in
1343 1559 1480 1592 praedica-

837 1605 907 1630 tione
925 1605 1058 1636 Evangelii
1079 1604 1140 1631 ibid.

889 1664 924 1667 —
944 1650 1070 1675 Messores
1089 1649 1151 1675 boui
1170 1652 1231 1676 sunt
1243 1650 1320 1682 pauci
1335 1650 1377 1675 Vll
1398 1650 1450 1676 253
1466 1650 1480 1676 4

835 1694 929 1719 —·Ad
950 1695 1008 1724 hoc,
1027 1694 1100 1726 quod
1121 1695 1169 1720 salx
1185 1694 1390 1726 praedicationis
1413 1702 1480 1720 mes-

835 1745 891 1764 sem
905 1738 1059 1770 recolligat,
1079 1745 1186 1764 necesse
1206 1742 1258 1770 est,
1284 1739 1357 1772 quod
1385 1746 1480 1766 manus

834 1782 923 1814 operis
933 1789 992 1808 eam
1004 1785 1090 1808 teneat
1103 1781 1165 1809 ibid.
1174 1797 1210 1802 —
1224 1783 1358 1816 amittitur,
1371 1784 1480 1817 quando

836 1825 898 1852 boni
916 1827 1030 1859 operarii
1050 1827 1145 1853 desunt
1164 1827 1216 1853 254
1236 1827 1251 1853 4
1267 1842 1303 1848 -
1322 1829 1420 1854 Merces
1440 1836 1480 1855 ae-

836 1874 907 1897 terna
932 1875 971 1897 est
998 1872 1148 1898 communis
1171 1872 1325 1898 metentium
1351 1876 1376 1899 et
1404 1874 1479 1900 semi-

834 1916 955 1942 nantium
977 1916 1011 1941 Vl
1032 1916 1083 1942 298
1104 1916 1137 1942 56

887 1961 1011 1987 Ι11Ετ11ΕτΑ
1029 1975 1066 1980 -
1084 1961 1179 1987 dicitur
1203 1969 1218 1987 a
1247 1964 1364 1994 metron,
1384 1963 1410 1988 id
1440 1966 1479 1989 est

834 2012 958 2031 mensura
980 2006 1012 2031 Vl
1033 2005 1084 2031 270
1104 2006 1120 2031 6

886 2050 997 2076 Mai-auu
1016 2064 1052 2068 —
1071 2050 1166 2076 dicitur
1186 2057 1310 2077 mensura
1328 2052 1478 2077 communis

832 2096 858 2119 et
877 2094 970 2120 usitata
990 2094 1022 2120 Vl
1043 2094 1095 2120 270
1116 2095 1131 2120 6

885 2138 961 2164 Meum
979 2151 1015 2158 —
1033 2138 1096 2164 dicit
1115 2138 1260 2164 libertatem
1280 2140 1432 2171 possidendi
1452 2143 1477 2166 ct

832 2182 992 2215 principium
1021 2183 1151 2209 efficiendi
1181 2183 1213 2209 Vl
1243 2183 1294 2208 344
1323 2184 1356 2209 26
1376 2198 1411 2202 ——
1437 2184 1476 2209 di-

832 2227 897 2252 citur
916 2226 1084 2259 simpliciter,
1103 2227 1144 2253 vel
1162 2227 1302 2253 discretive
1324 2226 1386 2254 ibid.

886 2271 986 2296 Mitt-ras
1004 2284 1039 2290 —
1058 2273 1154 2302 gerunt
1172 2277 1313 2302 personam
1342 2275 1475 2298 rectorum

831 2315 887 2341 sive
906 2315 1118 2347 praepositorum
1139 2315 1183 2341 Vll
1210 2314 1245 2340 75
1266 2317 1299 2341 22
1319 2330 1354 2335 -
1373 2317 1474 2343 Militiae

830 2359 946 2385 officium
965 2366 1016 2385 non
1036 2362 1167 2391 repugnat
1185 2360 1316 2386 mandatis
1342 2362 1475 2394 evangeli-

830 2403 868 2429 cis
885 2404 919 2429 78
948 2403 982 2429 34
1001 2417 1036 2422 -
1056 2404 1192 2430 consilium
1222 2408 1315 2437 petunt
1338 2413 1352 2431 a
1381 2407 1475 2433 loanne

829 2448 918 2481 quoad
938 2448 1057 2480 ipsorum
1082 2449 1192 2474 salutem
1212 2449 1246 2474 77
1272 2450 1301 2475 31

882 2506 918 2512 -
937 2497 1131 2518 consueverunt
1150 2500 1261 2525 peccare
1281 2494 1306 2520 in
1325 2495 1415 2527 rapina
1430 2496 1473 2523 Vll

829 2536 864 2562 77
884 2537 917 2562 32
936 2550 972 2556 —
991 2537 1081 2569 Qualia
1101 2537 1231 2570 stipendia
1260 2539 1311 2565 sint
1339 2540 1376 2566 eis
1405 2541 1472 2567 licita

830 2580 865 2607 ib.
884 2581 917 2607 33
930 2581 1099 2607 —videutur
1118 2582 1231 2608 maxime
1245 2583 1370 2610 mundani
1391 2584 1425 2611 ib.
1439 2586 1467 2611 31

829 2639 864 2645 -
883 2625 965 2651 solent
983 2626 1088 2651 exaltari
1112 2630 1221 2659 propter
1240 2629 1420 2655 fortitudinem
1440 2630 1472 2656 Vl

830 2669 881 2695 596
902 2670 917 2695 3
984 2664 986 2666 ’

883 2728 917 2733 ——
931 2714 978 2740 Per
989 2714 1082 2741 milites
1092 2716 1271 2748 intelliguntur
1280 2722 1429 2750 pugnantes
1441 2720 1472 2746 Vl

829 2758 880 2784 539
895 2759 910 2783 8
923 2773 959 2777 -
971 2759 1122 2791 Martyrium
1137 2763 1176 2787 est
1189 2762 1264 2795 quasi
1281 2763 1370 2789 militia
1391 2763 1442 2790 596
1457 2764 1472 2790 4

880 2816 917 2822 -
947 2803 1083 2830 irriserunt
1111 2804 1244 2832 Christum
1272 2807 1385 2839 pecunia
1416 2815 1473 2834 cor-

828 2847 899 2878 rupti
929 2847 961 2872 Vl
983 2847 1033 2874 494
1053 2849 1087 2874 20
1105 2862 1141 2868 -
1167 2851 1322 2877 crudelitate
1348 2855 1374 2877 et
1402 2853 1473 2884 cupi-

827 2890 908 2916 ditate
932 2891 1064 2918 Christum
1096 2894 1307 2926 exspoliaverunt
1337 2898 1363 2921 et
1394 2896 1471 2922 vesti-

828 2937 915 2960 menta
935 2935 992 2962 eius
1011 2936 1158 2963 diviserunt
1178 2937 1226 2964 497
1245 2938 1280 2964 35
1299 2953 1334 2957 —
1353 2939 1472 2966 nudave-

827 2981 888 3004 runt
905 2978 1038 3006 Christum
1067 2988 1099 3007 ex
1118 2982 1260 3014 rapacitate
1286 2982 1328 3008 Vll
1357 2983 1408 3008 577
1438 2983 1471 3010 42

826 3035 862 3041 -
893 3023 1040 3050 diviserunt
1068 3028 1155 3051 vestes
1187 3029 1212 3051 et
1243 3033 1323 3058 super
1355 3027 1470 3053 tunicam

828 3066 954 3093 miserunt
981 3071 1079 3095 sortem
1109 3070 1143 3095 Vl
1175 3069 1225 3095 499
1257 3069 1289 3095 43
1318 3084 1353 3088 -
1382 3071 1472 3097 illude-

827 3109 891 3137 bant
909 3111 1040 3139 Christum
1060 3116 1120 3140 ante
1139 3114 1335 3140 crucifixionem
1355 3115 1398 3141 Vll
1419 3116 1470 3141 578

816 3153 861 3180 ·44
879 3168 915 3175 -
934 3156 1066 3183 Christum
1095 3157 1256 3190 spernebant
1274 3161 1300 3184 et
1321 3159 1471 3190 spernendo

826 3199 993 3226 afflictionem
1023 3201 1118 3227 afflicto
1136 3201 1271 3227 addebant
1289 3200 1351 3228 ibid.
1370 3215 1406 3222 -—
1424 3203 1470 3229 de-

827 3242 964 3275 signantur
983 3251 1030 3276 per
1049 3252 1141 3271 servos
1160 3245 1231 3277 regis
1249 3245 1416 3278 Assyriorum
1436 3246 1470 3273 ib.

829 3286 862 3313 45
888 3300 924 3306 -
948 3291 1061 3321 quatuor
1074 3289 1215 3315 Dominum
1234 3289 1418 3316 crucifixerunt
1437 3291 1470 3316 Vl

828 3329 879 3356 497
900 3330 934 3356 35

2102 189 2165 222 793

1819 232 1872 258 11111

1580 274 1700 299 Μικιετειι
1719 288 1754 294 -
1775 276 1843 301 Deus
1863 284 1913 302 non
1929 279 2066 312 alloquitur
2087 282 2167 307 homi-

1526 317 1623 342 minem
1652 319 1700 343 nisi
1729 326 1775 351 per
1804 327 1881 346 suum
1912 322 2058 349 ministrum
2080 326 2111 350 Vl
2134 326 2166 351 45

1524 368 1551 393 q.
1574 362 1588 386 2
1609 376 1642 380 -—
1664 363 1733 388 Deus
1752 371 1798 395 per
1827 366 1909 391 malos
1934 367 2066 394 ministros
2086 371 2165 396 multa

1525 404 1592 430 bona
1613 407 1704 438 implet
1724 408 1774 433 409
1795 409 1828 434 75
1848 410 1876 434 3·

1577 463 1612 468 —
1638 451 1709 476 missi
1734 459 1747 476 a
1778 453 1923 480 Pharisaeis
1950 456 2117 483 crediderunt
2143 463 2167 484 et

1524 500 1669 525 praecones
1687 495 1780 521 Christi
1807 499 1924 530 fuerunt;
1946 507 1994 525 ner:
2024 504 2109 527 tamen
2130 510 2166 528 se-

1523 538 1576 563 cuti
1595 542 1669 571 sunt,
1689 541 1751 572 quia
1771 541 1802 567 ad
1824 545 1919 568 statum
1934 546 2101 575 perfectionis
2114 554 2166 573 non

1524 583 1698 609 ascenderunt
1718 585 1748 609 Vl
1770 585 1821 610 352
1841 586 1875 611 72

1577 640 1612 645 -
1631 627 1789 654 Ministratur
1808 630 1835 654 111
1855 632 1977 658 convivio
1997 634 2125 665 spirituali
2139 643 2166 661 se

1525 665 1612 701 ipsum
1632 671 1780 698 deiiciendo
1801 674 1843 700 Vll
1861 675 1907 700 431
1934 677 1966 701 19
1985 692 2020 696 -
2040 679 2102 704 Boni
2123 680 2167 704 1111-

1524 715 1596 741 nistri
1617 720 1656 742 est
1675 719 1760 744 facere
1789 719 1821 744 Vl
1842 721 1892 745 269
1914 721 1929 746 5
1950 736 1983 740 —-
2002 722 2075 755 Opus
2095 725 2167 750 mini-

1523 760 1594 786 sterii
1620 762 1733 788 maxime
1747 763 1800 788 Deo
1821 765 1904 795 placet
1919 766 1960 791 Vll
1975 767 2025 792 273
2042 768 2074 792 68
2089 782 2123 787 -
2139 770 2166 795 111

1524 805 1669 831 ministerio
1683 807 1797 833 maxime
1811 808 1945 835 imitamur
1958 810 2090 837 Christum
2105 812 2165 839 ibid.

1517 855 1558 869 ·—
1577 850 1748 877 Ministerium
1767 855 1807 878 est
1825 854 1930 885 placens
1959 858 1984 881 et
2012 857 2166 884 honorabile

1523 894 1595 925 apud
1616 895 1698 921 Deum
1719 900 1744 922 et
1757 899 1967 925 remuneratione
1979 900 2090 932 dignum
2105 901 2166 927 ibid.

1578 939 1661 965 Minoa
1680 955 1715 958 —
1734 942 1807 974 quod
1827 943 1906 969 vadat
1919 944 1952 969 ad
1967 945 2108 977 maiorem,
2128 950 2167 972 est

1524 982 1642 1009 debitum
1654 986 1823 1018 necessitatis,
1832 988 1958 1014 maiorem
1970 989 2066 1015 vadere
2076 991 2109 1016 ad
2121 992 2166 1016 mi-

1523 1035 1628 1060 norem,
1641 1033 1681 1055 est
1692 1032 1934 1063 supererogationis
1953 1034 1985 1059 Vl
2007 1035 2057 1060 260
2077 1035 2111 1061 64
2130 1049 2166 1055 -—

1523 1072 1573 1105 Qui
1593 1073 1680 1099 minor
1698 1078 1737 1100 est
1757 1082 1804 1107 per
1823 1077 2015 1108 reputationem
2035 1082 2061 1105 et
2080 1080 2166 1105 humi-

1522 1117 1619 1143 litatem
1645 1119 1729 1145 maior
1757 1125 1795 1146 est
1815 1122 1960 1148 secundum
1989 1123 2106 1149 divinam
2125 1131 2166 1150 ac-

1523 1163 1672 1194 ceptionem
1691 1167 1717 1189 et
1735 1165 1872 1191 veritatem
1894 1167 1936 1192 Vll
1958 1167 2008 1193 244
2029 1168 2062 1193 89
2076 1182 2110 1188 -
2124 1170 2165 1195 Μὶ-

1521 1206 1610 1232 11111111ε
1630 1211 1669 1233 est
1696 1209 1826 1235 maximus
1844 1209 1905 1236 ibid.
1926 1225 1961 1230 —
1982 1212 2086 1244 Quanto
2105 1214 2165 1247 quis

1522 1251 1616 1284 minor,
1636 1255 1706 1278 tanto
1726 1254 1809 1279 maior
1829 1253 1891 1281 ibid.

1575 1296 1703 1323 Minicuti
1724 1311 1758 1316 —
1778 1298 1956 1326 attribuuntur
1976 1302 2042 1327 Patri
2057 1306 2165 1334 propter

1520 1341 1663 1372 potentiam
1684 1342 1716 1367 Vl
1737 1343 1788 1367 373
1810 1342 1824 1368 4
1837 1345 1912 1369 —ln
1934 1345 2098 1372 mirabilibus
2112 1351 2163 1373 tota

1519 1384 1585 1410 ratio
1606 1386 1665 1411 facti
1684 1389 1723 1411 est
1741 1388 1855 1418 potentia
1877 1389 1994 1415 facientis
2013 1390 2056 1415 Vll
2077 1391 2109 1416 32
2130 1392 2163 1417 92

1521 1443 1554 1447 -
1574 1430 1675 1455 minora
1694 1431 1818 1457 dicuntur
1836 1432 1921 1464 signa,
1951 1434 2049 1460 maiora
2077 1436 2163 1467 prodi·

1520 1473 1562 1505 gia
1584 1474 1614 1498 Vl
1635 1475 1681 1499 301
1705 1475 1749 1500 75.
1769 1475 1812 1501 Vll
1834 1476 1885 1502 175
1906 1477 1938 1502 40

1572 1532 1607 1535 -
1627 1518 1713 1550 Opera
1734 1519 1862 1545 mirabilia
1883 1521 2015 1553 quaedam
2036 1527 2096 1548 sunt
2109 1531 2164 1549 sen·

1519 1561 1618 1592 sibilia,
1638 1562 1770 1595 quaedam
1791 1564 1933 1596 spiritualia
1955 1566 1986 1591 Vl
2009 1566 2060 1592 440
2081 1568 2113 1593 23
2129 1582 2162 1586 -

1519 1605 1644 1632 Mirabilia
1663 1607 1807 1639 spiritualia
1827 1613 1888 1635 sunt
1901 1611 2034 1636 suscitatio
2049 1618 2063 1636 a
2078 1616 2163 1638 morte

1518 1650 1647 1682 spirituali
1666 1658 1714 1683 per
1734 1653 1902 1679 Sacramenta
1928 1653 1989 1680 ibid.
2009 1669 2044 1674 —
2063 1656 2163 1682 Mirabi-

1519 1695 1552 1720 lia
1572 1696 1716 1727 spiritualia
1736 1704 1843 1729 semper
1868 1702 1974 1725 manent
1992 1704 2101 1732 propter
2119 1708 2163 1726 no-

1518 1743 1599 1765 stram
1620 1741 1730 1766 salutem
1750 1740 1812 1768 ibid.

1571 1799 1605 1803 —
1624 1792 1677 1811 non
1697 1788 1736 1811 est
1754 1793 1784 1812 ex
1804 1787 1900 1813 virtute
1915 1791 2038 1821 naturae,
2054 1789 2102 1815 sed
2121 1797 2162 1816 su-

1517 1836 1615 1861 pernae
1634 1831 1764 1862 potentiae
1784 1831 1827 1857 Vll
1848 1832 1880 1857 37
1901 1833 1961 1858 116.
1982 1834 2032 1859 113
2054 1834 2063 1859 1
2089 1835 2161 1860 ——ln

1517 1874 1651 1901 miraculis
1669 1876 1852 1907 aspiciendum
1871 1881 1910 1903 est
1923 1877 1956 1903 ad
1970 1885 2063 1904 causas
2082 1886 2160 1911 supe-

1516 1919 1598 1944 riores
1628 1919 1660 1944 18
1691 1920 1724 1945 30
1751 1933 1787 1939 —-
1806 1921 1947 1953 praecipua
1974 1925 2034 1948 sunt
2054 1926 2161 1955 propter

1515 1962 1752 1995 impossibilitatem
1778 1968 1900 1997 respectu
1925 1966 2027 1993 virtutis
2059 1971 2160 1993 creatae

1517 2008 1568 2033 175
1589 2007 1621 2033 40
1640 2022 1676 2026 -
1695 2008 1729 2034 ab
1749 2009 1855 2035 homine
1882 2017 1933 2036 non
1963 2011 2035 2042 fiunt,
2060 2012 2107 2038 sed
2125 2012 2160 2038 ad

1515 2052 1571 2078 eius
1591 2052 1784 2078 invocationem
1804 2053 1837 2079 Vl
1857 2053 1907 2079 456
1927 2055 1944 2080 7

1569 2110 1602 2114 —-
1622 2096 1692 2122 Deus
1710 2097 1806 2123 dicitur
1819 2104 1876 2123 esse
1889 2105 1950 2124 cum
1965 2100 2080 2131 homine,
2097 2107 2159 2126 cum

1515 2139 1605 2166 tribuit
1623 2140 1747 2166 virtutem
1768 2141 1880 2167 faciendi
1908 2143 2033 2169 miracula
2054 2145 2086 2170 Vl
2107 2145 2157 2170 279

1515 2185 1530 2209 6
1551 2199 1584 2203 -
1610 2188 1721 2217 possunt
1745 2185 1801 2211 fieri
1826 2186 1906 2212 etiarn
1932 2186 1966 2213 ab
1994 2189 2125 2214 extraneis
2143 2196 2158 2214 a

1514 2228 1616 2255 Christo
1636 2229 1679 2255 vlt
1694 2229 1746 2255 245
1760 2230 1793 2255 90
1808 2244 1843 2248 —-
1856 2231 2039 2257 Miraculorum
2056 2232 2157 2259 donum

1513 2276 1552 2299 est
1572 2273 1702 2300 bonorum
1717 2275 1885 2301 etmalorum
1907 2276 1957 2301 263
1978 2276 2011 2302 34
2032 2291 2066 2295 -
2086 2278 2157 2303 Multi

1514 2318 1573 2343 mali
1593 2318 1691 2345 faciunt
1710 2319 1834 2345 miracula
1856 2320 1929 2352 plura
1944 2321 1977 2346 Vl
1998 2322 2048 2347 380
2071 2322 2102 2347 43
2122 2336 2158 2342 -

1512 2369 1564 2388 11011
1584 2363 1669 2389 εο111111
1690 2364 1843 2396 impetratur
1862 2372 1876 2390 a
1897 2364 1986 2397 bonis,
2006 2366 2053 2392 sed
2078 2367 2156 2393 etiam

1512 2414 1526 2432 a
1546 2407 1634 2439 malis,
1654 2407 1688 2433 ab
1708 2408 1749 2434 illa
1763 2409 1866 2442 virtute,
1885 2417 1953 2443 quae
1967 2409 2043 2437 bonis
2059 2415 2085 2437 et
2105 2418 2157 2437 ma-

1512 2452 1542 2477 11ε
1562 2453 1710 2479 communis
1731 2456 1770 2479 est
1792 2453 1842 2479 402
1864 2454 1897 2480 45

1565 2511 1599 2515 -
1619 2496 1751 2523 bonorum
1772 2502 1797 2524 et
1816 2495 1945 2525 malorum
1967 2500 2078 2527 discerni
2099 2508 2156 2533 pos-

1512 2545 1573 2567 sunt
1593 2542 1625 2567 Vl
1646 2543 1697 2568 316
1727 2543 1760 2568 69
1787 2558 1822 2562 -—
1848 2544 1911 2570 Boni
1940 2548 1965 2570 et
1989 2545 2048 2571 mali
2069 2546 2156 2571 distin-

1512 2590 1637 2618 guuntur,
1661 2587 1781 2613 faciendo
1801 2588 1936 2620 miracula,
1956 2589 2035 2615 modo
2049 2593 2086 2624 ‘et
2106 2590 2156 2616 fine

1511 2629 1573 2657 ibid.
1592 2645 1627 2650 —
1646 2632 1711 2657 Boni
1738 2632 1836 2658 faciunt
1862 2633 1986 2659 miracula
2007 2641 2054 2666 per
2073 2633 2156 2666 publi-

1511 2682 1569 2701 cam
1591 2676 1713 2702 iustitiam
1724 2696 1730 2707 ,
1749 2677 1810 2702 mali
1824 2684 1872 2709 per
1885 2678 1961 2709 signa
1981 2678 2103 2710 publicae
2117 2679 2154 2704 iu-

1511 2720 1595 2746 stitiae
1614 2719 1676 2746 ibid.
1701 2734 1737 2740 --
1756 2721 1820 2746 Boni
1847 2721 1944 2747 faciunt
1971 2722 2095 2748 miracula
2120 2723 2154 2749 ad

1510 2764 1735 2796 aedificationem,
1755 2765 1816 2791 mali
1829 2766 1863 2791 ad
1878 2766 1988 2797 gloriam
2002 2773 2077 2792 suam
2092 2766 2154 2793 ibid.

1563 2822 1599 2828 -
1618 2810 1762 2841 lmpetrare
1788 2810 1944 2835 miraculum
1973 2813 2012 2836 est
2037 2810 2097 2836 fidei
2126 2815 2154 2837 ut

1510 2853 1644 2886 originalis
1672 2853 1809 2885 principii,
1829 2853 1881 2879 sed
1905 2854 1961 2885 spei
1982 2857 2010 2879 ut
2035 2861 2154 2880 consum-

1510 2897 1609 2929 mativi,
1624 2900 1649 2922 et
1668 2897 1775 2929 proprie
1793 2896 1889 2923 dicitur
1908 2904 1965 2923 esse
1979 2898 2153 2924 confidentiae

1510 2940 1614 2966 V1602
1636 2940 1669 2966 45
1697 2954 1732 2960 -
1760 2940 1872 2966 debetur
1900 2941 1975 2973 fldei,
2003 2941 2066 2974 quia
2095 2942 2152 2974 ipsa

1510 2983 1586 3010 bonis
1605 2987 1630 3010 et
1650 2985 1724 3010 malis
1743 2987 1782 3010 est
1800 2985 1963 3015 communis,
1983 2992 2051 3018 quae
2065 2986 2151 3017 prima

1509 3028 1593 3054 elevat
1621 3028 1778 3054 intellectum
1804 3032 1830 3053 ct
1858 3028 2005 3054 considerat
2033 3029 2151 3061 omnipo-

1510 3072 1616 3098 tentiam
1646 3071 1707 3098 ibid.
1735 3086 1771 3091 —
1799 3071 1914 3098 Credens
1944 3072 2039 3098 dicitur
2064 3074 2149 3099 facere

1509 3116 1679 3147 miraculum,
1710 3116 1771 3148 quia
1805 3116 1839 3141 ad
1867 3116 1924 3142 eius
1954 3116 2148 3143 invocationem

1509 3160 1537 3185 nt
1566 3159 1617 3185 440
1645 3160 1673 3185 21
1700 3159 1735 3191 i‘,
1762 3159 1791 3185 3·
1811 3173 1843 3178 —-
1869 3160 1934 3186 flunt
1953 3160 2004 3186 nde
2029 3160 2148 3194 informi,

1509 3206 1624 3229 merente
1653 3206 1753 3229 tanturn
1781 3203 1814 3229 de
1842 3210 1960 3236 congruo
1989 3203 2023 3231 ib.
2052 3206 2085 3231 22
2113 3219 2148 3225 -

1508 3248 1534 3273 111
1563 3247 1695 3273 miraculis
1719 3247 1880 3280 dispensatio
1900 3248 1945 3274 Dei
1973 3249 2083 3283 requirit
2105 3257 2148 3276 no-

1508 3295 1588 3317 stram
1622 3291 1701 3318 fldem
1728 3292 1762 3318 ad
1797 3296 1915 3319 nostrum
1951 3294 2073 3320 meritum
2105 3294 2148 3320 Vll

1508 3334 1559 3361 214
1580 3335 1612 3360 89

1990 3390 2038 3415 100
