2427 3872
401 248 453 274 Dlt.

773 204 809 236 ΙΝ
833 202 1127 237 COMMENTARIOS
1150 204 1179 236 S.
1204 203 1429 238 SCRIPTURAE

160 305 196 312 —-
213 291 411 318 Consummatio
424 292 569 318 dilectionis
587 294 639 323 est,
659 295 686 318 ut
699 293 746 317 ho·
784 299 810 318 v.
831 292 864 317 ⁴9
881 305 918 311 —
936 295 976 318 est
993 289 1206 324 concupiscentia
1219 292 1372 324 disciplinae
1391 292 1424 319 ib.

108 343 153 363 mo
171 337 286 362 animam
309 343 384 362 suam
411 339 492 368 ponat
510 343 560 368 pro
584 335 687 363 Christo
712 336 745 362 Vl

108 381 159 407 526
179 381 207 407 44
225 395 261 400 —
274 381 503 407 vehementissima
517 380 645 413 probatur
657 380 745 406 dando

108 425 189 451 vitam
203 425 254 451 450
274 426 307 451 20
319 438 355 445 -
368 425 470 451 Nullum
485 425 570 451 maius
583 428 622 451 est
640 425 745 457 signum

106 469 221 496 caritatis
232 476 313 503 quam
327 470 393 495 mori
406 476 455 501 pro
474 469 559 495 amico
572 470 613 494 vel
634 476 683 501 pro
701 468 747 494 ini-

106 513 176 539 mico
199 513 249 540 452
278 514 312 539 27
331 527 367 533 -
385 514 470 539 Homo
497 513 639 545 spiritualis
666 511 746 538 debet

107 554 175 584 mori
187 565 236 590 per
248 558 370 584 ardorem
389 557 536 583 dilectionis
554 557 606 583 590
627 557 660 582 43

160 616 194 621 -
213 608 276 628 vera
290 602 375 634 primo
394 601 479 633 diligit
496 602 592 632 Deum,
612 601 708 626 deinde
721 603 746 626 et

106 645 221 672 amicum
240 645 266 671 in
284 646 339 671 Deo
358 648 385 671 et
402 645 537 671 inimicum
557 645 642 675 diligit
666 647 691 670 et
710 647 746 670 to-

105 690 170 716 lerat
188 692 295 722 propter
314 690 398 715 Deum
418 689 450 715 Vl
469 689 520 715 446
541 689 550 714 ⁴
574 702 610 708 —-
629 689 656 714 ln
680 688 745 714 dile-

106 734 191 760 ctione
204 734 317 766 proximi
336 733 438 759 dilectio
458 733 504 759 Dei
523 733 673 765 intelligitur
693 732 745 758 435

106 777 140 804 54
158 792 192 797 —
212 777 384 810 Diligentibus
407 777 556 810 proximum
584 777 745 809 promittitur

106 823 219 849 amicitia
238 822 327 848 divina
349 822 394 848 45⁴
419 822 447 848 24

158 880 194 886 -—
214 867 321 899 Triplici
340 867 439 892 ratione
451 873 501 892 nos
519 867 589 892 Deus
601 865 636 891 ad
654 866 744 891 frater-

105 918 166 937 nam
195 911 360 937 dilectionem
388 911 508 942 astringit
526 911 559 937 Vl
585 910 636 937 450
657 910 688 935 49
708 923 744 929 -

104 955 219 987 proximi
236 955 262 981 ln
274 955 408 981 voluntate
426 954 521 981 Christi
543 958 599 980 erat
618 957 743 987 tanquam

104 999 258 1025 mandatum
271 999 445 1032 praecipuum
459 999 519 1026 ibid.
539 1013 574 1019 —
593 999 743 1025 Mandatum

104 1043 250 1069 dilectionis
263 1045 382 1076 exemplo
400 1043 493 1070 Christi
506 1044 597 1070 datum
612 1047 652 1070 est
668 1043 743 1076 quasi

104 1094 185 1114 manu
197 1088 289 1114 datum
304 1088 350 1114 451
369 1088 403 1114 24
417 1102 449 1107 -—-
464 1088 612 1115 Mandatum
630 1087 744 1114 dilectio-

104 1132 146 1158 nis
158 1134 197 1157 est
209 1132 362 1158 mandatum
375 1139 490 1164 novum,
504 1133 566 1166 quia
579 1139 685 1165 semper
700 1133 743 1159 de-

103 1175 149 1202 het
166 1182 224 1202 esse
242 1183 334 1202 recens
346 1176 373 1202 in
386 1177 466 1202 corde
482 1180 508 1202 et
519 1183 655 1209 nunquam
674 1177 744 1202 inve-

104 1223 202 1246 teratur
230 1220 281 1247 434
310 1220 343 1247 47
362 1235 398 1240 -
420 1221 570 1247 Mandatum
598 1221 744 1247 dilectionis

105 1265 153 1291 fuit
171 1265 197 1290 in
220 1265 303 1291 veteri
330 1268 484 1291 testamento
512 1265 618 1296 datum,
646 1265 693 1291 sed
719 1265 743 1290 in

103 1316 174 1335 novo
193 1309 346 1335 innovatum
366 1312 494 1342 quantum
513 1309 546 1334 ad
567 1309 686 1340 modum,
704 1316 745 1335 ex·

104 1353 235 1379 tendendo
253 1354 286 1379 ad
301 1353 420 1379 inimicos
433 1353 579 1379 secundum
593 1353 742 1384 exemplum

103 1397 198 1424 Christi
223 1397 275 1423 435
294 1398 328 1424 54

156 1456 192 1460 -
210 1442 339 1474 Diligendi
357 1444 420 1468 sunt
439 1448 470 1467 ex
490 1443 631 1473 praecepto
654 1440 744 1466 divino

103 1486 260 1518 cognatione
278 1485 355 1512 nobis
373 1486 503 1512 coniuncti
524 1486 566 1511 Vll
586 1485 638 1511 375
657 1485 690 1511 53
708 1498 744 1504 -

104 1530 243 1562 Diligenda
261 1533 301 1556 est
318 1533 411 1556 natura
424 1530 569 1562 peccatoris
590 1529 621 1555 Vl
642 1530 675 1554 32
688 1536 713 1554 v.
728 1529 743 1553 8

103 1589 139 1593 —
157 1574 294 1600 Proximus
320 1574 405 1606 magis
426 1574 577 1607 diligendus
599 1576 639 1600 est
662 1580 743 1607 quam

103 1618 235 1653 quaelibet
252 1619 347 1645 utilitas
366 1626 489 1651 praesens
508 1619 540 1644 39
560 1626 588 1652 q.
607 1618 622 1644 4
641 1632 677 1638 —
695 1618 744 1644 Ma-

104 1664 145 1696 gis
163 1663 242 1690 debet
260 1663 334 1696 diligi
354 1664 440 1690 anima
457 1663 569 1696 proximi
588 1670 669 1696 quam
689 1670 744 1689 cor-

103 1715 154 1741 pus
169 1708 306 1741 proprium
321 1707 372 1734 434
387 1708 419 1734 47
432 1722 467 1728 -
481 1708 649 1740 Diligendum
662 1714 743 1740 opere

103 1756 128 1779 et
146 1753 255 1779 veritate
273 1753 341 1779 sicut
356 1752 473 1779 Christus
493 1753 543 1778 450
565 1752 596 1778 ⁴9
610 1767 646 1771 -
659 1752 743 1778 Proxi-

103 1804 163 1823 mus
190 1797 339 1830 diligendus
366 1800 405 1823 est
424 1804 453 1823 ex
472 1797 586 1823 caritatis
604 1797 697 1822 affectu
717 1801 742 1823 et

102 1842 194 1868 effectu
214 1842 257 1868 Vll
276 1842 328 1867 268
349 1842 381 1867 49
394 1855 430 1861 —-
443 1842 579 1868 Proximus
591 1841 742 1873 diligendus

102 1888 141 1912 est
159 1885 184 1911 in
203 1885 273 1916 Deo,
291 1889 399 1918 propter
414 1886 511 1917 Deum,
531 1886 564 1912 ad
584 1886 694 1918 gratiam
715 1886 741 1912 in

102 1929 233 1962 praesenti
252 1932 278 1955 et
302 1930 412 1962 gloriam
432 1930 458 1955 in
478 1931 581 1962 futuro,
600 1937 679 1963 supra
700 1937 742 1956 res

102 1977 128 2000 et
145 1981 243 2006 corpus
261 1974 400 2006 proprium
413 1978 439 2000 et
452 1974 517 2000 infra
531 1975 615 2000 Deum
629 1974 690 2001 ibid.
704 1989 739 1994 —

100 2018 251 2044 Proximum
265 2018 374 2051 diligere
383 2018 513 2045 debemus
525 2019 600 2052 quasi
611 2026 659 2045 nos
670 2019 740 2052 ipsos

100 2065 208 2095 propter
235 2064 443 2089 conformitatem
469 2066 591 2095 naturae,
615 2064 739 2090 unitatem

102 2107 200 2139 gratiae
213 2111 238 2134 et
251 2107 373 2134 unitatem
393 2108 523 2134 mercedis
540 2111 660 2134 aeternae
678 2107 740 2134 ibid.

101 2165 135 2170 —
147 2151 188 2177 Ad
200 2152 438 2178 commendandam
451 2152 618 2178 dilectionem
628 2152 740 2185 proximi

105 2196 188 2222 voluit
206 2197 287 2228 Deus,
306 2197 380 2230 quod
398 2204 566 2223 nasceremur
584 2205 614 2223 ex
628 2204 680 2223 uno
693 2203 740 2229 pa-

100 2243 152 2272 tre,
171 2241 363 2267 redimeremur
381 2241 476 2267 eodem
495 2242 633 2273 sanguine,
651 2248 739 2267 remu-

100 2291 253 2310 neraremur
265 2285 358 2311 eadem
372 2286 495 2312 mercede
512 2284 575 2312 ibid.
593 2300 628 2304 —
647 2288 738 2311 mutua

101 2331 140 2354 cst
157 2329 305 2355 remedium
323 2329 536 2361 imperfectorum
557 2331 588 2356 Vl
609 2330 659 2355 433
680 2329 713 2355 47

155 2386 190 2392 -
208 2373 315 2406 quando
334 2374 418 2399 solum
437 2374 471 2400 ad
490 2375 628 2406 diligentes
652 2377 740 2400 exten-

102 2416 184 2449 ditur,
203 2424 257 2443 non
284 2420 324 2443 est
352 2417 440 2443 divina
469 2425 516 2444 uec
543 2419 670 2450 gratuita,
691 2419 738 2444 sed

101 2462 260 2488 mercenaria
279 2465 305 2487 et
327 2463 440 2487 humana
460 2462 502 2488 Vll
524 2463 574 2488 ⁴56
594 2463 628 2488 78
647 2477 683 2482 -—
700 2466 739 2489 est

100 2506 242 2537 meritoria,
251 2506 359 2539 quando
370 2506 530 2538 impenditur
537 2511 645 2539 propter
655 2508 739 2533 Deum

100 2549 163 2577 ibid.
175 2564 211 2570 —
223 2551 263 2577 Ad
281 2551 445 2577 dilectionem
465 2551 630 2578 inimicorum
649 2552 741 2578 excita-

101 2601 162 2620 mur
183 2601 230 2627 per
249 2595 297 2621 tria
318 2594 367 2620 457
388 2595 421 2620 82

154 2652 189 2659 -
207 2639 355 2665 Dilectionis
374 2639 458 2665 unitas
472 2640 601 2666 servanda
622 2647 669 2672 per
682 2647 740 2666 con-

100 2683 257 2710 formitatem
277 2684 310 2709 Vl
337 2683 387 2709 474
413 2683 461 2714 35,
485 2684 518 2709 36
540 2698 573 2702 -
598 2684 740 2716 Diligentes

101 2734 129 2753 se
148 2728 271 2754 dicuntur
290 2735 387 2759 unum,
405 2728 541 2760 supposita
560 2729 740 2754 conformitate

102 2771 128 2797 in
147 2775 239 2798 natura
258 2772 309 2798 476
330 2772 362 2798 42

154 2830 187 2835 -
207 2819 246 2842 est
270 2817 426 2848 voluptuosa
452 2819 478 2842 et
496 2817 620 2847 carnalis,
641 2817 681 2843 vel
699 2824 740 2843 na-

101 2860 201 2892 turalis,
213 2861 254 2886 vel
267 2861 378 2893 socialis,
388 2861 430 2886 vel
439 2861 580 2893 spiritualis
593 2867 624 2886 ex
634 2861 740 2887 caritate

102 2903 134 2929 Vl
155 2903 206 2929 463
226 2904 260 2929 36
278 2918 313 2924 -
333 2912 428 2937 magna
441 2908 480 2931 est
499 2905 589 2930 matris
601 2905 633 2931 ad
648 2905 740 2936 fllium,

100 2947 185 2973 maior
198 2948 286 2974 uxoris
298 2949 332 2974 ad
346 2950 447 2981 virum,
460 2949 572 2975 maxima
590 2949 693 2975 animae
706 2950 738 2975 ad

100 2997 199 3023 corpus
218 2991 269 3018 450
288 2993 322 3018 20
640 2986 645 2988 ’

154 3049 189 3054 --
207 3036 317 3062 carnalis
329 3039 368 3063 est
386 3037 453 3063 sicut
467 3038 535 3070 ignis
548 3038 680 3064 infernalis
698 3038 740 3064 Vl!

101 3079 153 3105 330
172 3079 207 3104 70
225 3093 260 3099 -
278 3080 420 3112 spiritualis
444 3085 483 3108 est
508 3082 575 3108 sicut
595 3082 663 3114 ignis
685 3089 741 3108 cae-

101 3123 171 3149 lestis
190 3122 251 3150 ibid.
270 3137 306 3143 —
321 3125 425 3150 fervens
443 3129 483 3151 est
495 3127 571 3159 quasi
590 3127 628 3152 sol
648 3126 674 3152 in
688 3133 740 3152 me-

101 3167 168 3193 ridie
187 3168 218 3194 Vl
239 3168 272 3194 ⁴3
286 3175 311 3194 v.
330 3168 348 3194 7
367 3182 398 3187 -
420 3172 459 3195 est
477 3170 642 3201 signaculum
663 3170 741 3202 spirl-

102 3213 145 3237 tus
163 3212 244 3238 sancti
264 3212 314 3238 434
334 3212 367 3238 48

155 3268 190 3275 —
209 3256 257 3282 l‘er
269 3256 432 3289 disciplinam
452 3257 559 3284 venitur..
576 3258 610 3284 ud
628 3258 741 3284 dilectio-

102 3306 163 3326 nem
182 3300 216 3326 vt
234 3301 264 3326 8⁴
288 3308 315 3327 v.
335 3301 350 3327 4
369 3315 405 3321 —
423 3301 641 3334 Concupiscentia
666 3303 741 3329 disci-

103 3344 190 3376 plinae
208 3348 248 3371 est
265 3352 344 3371 causa
363 3345 508 3372 dilectionis
526 3347 669 3379 saplenssae
689 3346 739 3373 449

783 344 810 362 ν.
831 336 864 362 47

837 395 871 400 —
900 380 1048 413 Spiritualia
1082 381 1166 412 magis
1197 381 1329 413 diligenda
1364 385 1425 407 sunt

782 432 864 458 quam
883 426 1029 457 corporalia
1043 425 1075 450 Vl
1091 425 1140 450 453
1160 432 1186 450 v.
1201 425 1234 450 40
1246 439 1282 443 -
1295 426 1376 458 Magis
1388 426 1425 452 di-

783 470 865 501 ligere
877 470 1029 501 temporalia
1042 476 1123 502 quam
1139 472 1243 495 aeterna
1261 470 1320 495 facit
1340 470 1425 502 magis

783 514 875 539 timere
900 514 1020 539 homines
1043 520 1124 546 quam
1151 513 1234 539 Deum
1262 513 1312 539 407
1333 514 1365 539 66

836 571 872 578 -
891 558 1005 590 Diligere
1023 557 1163 590 pecuniam
1180 558 1221 583 vel
1240 564 1283 583 res
1296 561 1425 590 tempora·

783 603 821 628 les
838 605 864 628 et
882 609 936 628 uon
961 601 1059 628 habere
1087 602 1120 627 ad
1145 605 1237 627 votum
1258 602 1327 634 parit
1351 602 1424 628 tristi-

783 647 845 672 tiam
860 646 893 672 Vl
907 646 941 671 52
953 653 981 679 q.
994 647 1009 671 3
1023 659 1058 665 -
1070 653 1175 672 summa
1188 653 1277 671 rerum
1297 650 1425 678 tempora-

782 691 845 716 lium
865 689 944 716 habet
963 697 1043 722 saepe
1066 690 1265 716 delectationem
1291 690 1422 716 modicam

781 737 807 760 et
826 734 953 760 tristitiam
979 741 1104 766 magnam
1128 733 1192 761 ibid.
1218 748 1254 754 -
1281 737 1321 760 est
1347 734 1423 766 origo

782 778 899 804 tristitiae
918 778 970 804 463
990 778 1023 804 36
1037 792 1071 797 -
1084 779 1188 804 Avarus
1207 782 1315 810 propter
1333 785 1362 804 se
1381 785 1423 804 res

782 823 940 855 temporales
957 822 1042 854 diligit
1061 823 1094 848 52
1114 830 1140 855 q.
1161 823 1176 848 3

834 882 870 886 —
889 867 1002 893 sumitur
1020 866 1048 893 in
1067 866 1166 892 divinis
1191 867 1355 893 notionaliter
1379 870 1424 893 aut

781 911 950 938 essentialiter
970 911 1001 937 Vt
1021 911 1068 937 344
1091 911 1124 937 46
1137 925 1173 930 -
1190 914 1230 937 εει
1248 911 1313 937 ratio
1333 911 1431 938 indivis

781 956 862 982 sionis
881 959 906 982 et
924 955 1170 982 communicationis
1186 956 1237 981 309
1257 955 1300 987 37,
1314 955 1355 981 38.
1371 956 1417 982 344

783 1000 815 1027 46
838 1014 874 1020 -
899 1000 1067 1026 essertIaliter
1095 1004 1181 1026 sumta
1209 1000 1272 1026 dicit
1296 1000 1421 1026 unitatem

780 1052 913 1071 summam
926 1044 1053 1070 essentiae
1072 1045 1118 1070 314
1144 1044 1177 1070 46
1191 1058 1225 1063 -
1238 1045 1320 1071 Patris
1336 1045 1370 1071 ad
1382 1045 1423 1070 Fi-

781 1089 845 1116 lium
865 1092 907 1115 est
924 1089 1050 1115 naturalis
1070 1089 1120 1115 450
1141 1089 1174 1114 48
1193 1096 1250 1121 arg.

834 1148 870 1153 —
889 1134 936 1159 Dei
954 1140 1017 1166 erga
1037 1133 1171 1159 hominem
1190 1137 1230 1159 est
1248 1134 1289 1159 vel
1309 1136 1422 1165 aeterna,

782 1178 823 1204 vel
841 1178 987 1204 secundum
1007 1180 1171 1210 praesentem
1191 1178 1315 1204 iustitiam
1335 1178 1369 1204 Vl
1389 1178 1422 1204 59

781 1229 809 1256 q.
821 1223 836 1248 2
850 1237 885 1241 -—
898 1223 968 1248 Deus
987 1222 1072 1254 magis
1085 1222 1169 1254 diligit
1182 1223 1303 1248 meliores
1323 1222 1373 1248 528
1388 1223 1417 1249 54

781 1273 839 1298 arg.
852 1267 868 1292 2
881 1280 917 1286 -
931 1267 1019 1292 Dilecti
1039 1262 1127 1292 sunta
1141 1267 1195 1292 Deo
1212 1267 1423 1300 contemplativi,

782 1311 874 1342 activi,
894 1311 1058 1342 poenitentes
1076 1311 1128 1337 592
1147 1318 1173 1336 v.
1193 1311 1210 1336 5

835 1368 870 1374 -
888 1354 1006 1380 Christus
1023 1362 1104 1387 opere
1122 1355 1209 1381 dilexit
1228 1355 1371 1387 discipulos
1389 1355 1422 1381 Vl

783 1398 833 1425 450
855 1399 900 1431 49,
920 1399 954 1424 20
972 1413 1008 1417 -
1027 1399 1097 1424 Deus
1110 1400 1340 1425 vehementissima
1359 1400 1423 1425 dile-

782 1443 869 1468 ctione
887 1449 951 1474 erga
970 1450 1019 1469 nos
1038 1443 1144 1469 tradidit
1168 1443 1260 1468 Filium
1279 1442 1314 1469 ib.
1334 1444 1369 1469 20
1387 1458 1422 1462 -

782 1486 899 1513 Christus
927 1487 1012 1519 magis
1043 1487 1131 1513 dilexit
1161 1487 1271 1513 salutem
1302 1490 1421 1513 nostram

782 1538 862 1564 quam
881 1531 963 1556 vitam
982 1538 1058 1557 suam
1073 1531 1124 1557 434
1144 1531 1178 1557 47

837 1576 961 1602 Dituviuu
974 1590 1009 1594 —
1028 1578 1083 1601 erat
1103 1576 1128 1601 in
1141 1575 1272 1608 principio
1291 1576 1422 1602 secundae

781 1621 872 1646 aetatis
885 1621 917 1646 Vl
932 1620 984 1646 497
997 1627 1023 1646 v.
1037 1621 1052 1646 6
1067 1634 1102 1640 -
1114 1621 1211 1646 delevit
1225 1621 1360 1647 hominem
1374 1623 1422 1647 ter-

781 1672 873 1691 renum
885 1665 919 1691 de
936 1665 1076 1697 superficie
1095 1668 1179 1691 terrae
1194 1665 1243 1691 472
1257 1672 1285 1691 v.
1304 1665 1320 1691 4
1334 1680 1367 1684 —
1381 1665 1422 1691 Di-

781 1710 853 1736 luvio
872 1710 1007 1742 perierunt
1025 1716 1129 1742 omnes,
1143 1709 1188 1743 qui
1202 1709 1291 1742 scripti
1310 1713 1384 1736 erant
1396 1710 1421 1736 in

781 1757 863 1786 terra,
889 1755 987 1780 scilicet
1005 1755 1067 1780 mali
1086 1753 1147 1781 ibid.
1167 1769 1202 1774 —
1221 1754 1305 1781 Causa
1329 1754 1421 1781 diluvii

781 1800 828 1825 fuit
846 1799 983 1825 carnalitas
996 1800 1022 1825 in
1041 1800 1157 1832 edendo,
1184 1799 1300 1825 bibendo
1324 1803 1350 1826 et
1377 1807 1421 1825 nu-

780 1844 868 1870 bendo
888 1844 931 1870 Vll
952 1843 999 1870 441
1025 1844 1057 1869 47
1079 1858 1111 1863 --
1130 1844 1240 1870 involvit
1252 1851 1353 1875 omnes,
1373 1844 1420 1878 qui

780 1888 898 1921 absorpti
910 1891 984 1914 erant
1003 1889 1029 1914 in
1049 1888 1118 1914 vitiis
1137 1887 1285 1914 carnalibus
1304 1887 1366 1914 ibid.

832 1934 984 1959 Diumurtvll
1003 1946 1038 1952 —
1057 1933 1198 1966 aliquando
1224 1940 1288 1965 prae
1313 1933 1420 1958 familia-

778 1978 853 2003 ritate
872 1981 898 2003 et
916 1984 1006 2003 amore
1026 1977 1149 2003 dicuntur
1164 1977 1196 2003 Vl
1211 1977 1262 2003 433
1276 1977 1309 2003 46

831 2022 941 2048 Dinissto
956 2036 992 2040 -
1008 2021 1115 2047 perfecti
1134 2026 1173 2047 cst
1189 2024 1271 2047 totum
1288 2021 1419 2047 dimittere

780 2067 812 2092 Vl
826 2067 860 2092 32
874 2073 900 2092 ν.
920 2067 935 2091 8
954 2081 990 2084 -
1010 2066 1059 2098 Qui
1079 2065 1185 2092 dimittit
1201 2072 1286 2098 pauca
1301 2066 1326 2091 in
1345 2072 1374 2091 re
1393 2069 1418 2091 et

778 2110 839 2136 nihil
858 2111 914 2136 vult
933 2110 1031 2136 habere
1050 2110 1077 2135 in
1095 2110 1229 2136 voluntate
1248 2110 1336 2136 omnia
1356 2110 1418 2136 dici-

778 2157 819 2181 tur
832 2155 964 2181 dimittere
993 2154 1036 2180 Vll
1065 2154 1112 2180 521
1138 2154 1153 2180 4

830 2213 866 2217 --
884 2199 1002 2225 nocentis
1016 2201 1101 2231 potest
1113 2205 1171 2224 esse
1183 2199 1251 2224 licita
1266 2199 1297 2224 Vl
1312 2198 1363 2224 493
1384 2199 1416 2224 48

789 2259 793 2263 -
831 2256 866 2262 —-
885 2243 1028 2276 iniquitatis
1046 2245 1086 2268 est
1110 2243 1179 2269 utilis
1198 2243 1231 2269 Vl
1257 2244 1290 2268 20
1310 2250 1337 2269 ν.
1356 2244 1371 2269 3

830 2288 892 2314 Dum
912 2301 947 2307 -
959 2287 995 2313 ob
1008 2294 1083 2313 suam
1096 2287 1273 2313 curiositatem
1290 2294 1417 2319 oppressa

776 2333 823 2358 fuit
841 2333 885 2358 Vll
903 2332 937 2358 34
959 2332 1004 2357 401

830 2377 1006 2403 Dirounius—
1015 2379 1054 2404 est
1063 2383 1159 2402 nomen
1169 2379 1290 2402 monetae
1299 2376 1418 2402 habentis

776 2421 844 2448 duos
863 2420 955 2447 obolos
973 2421 1030 2447 sive
1053 2428 1124 2447 asses
1144 2421 1187 2446 Vll
1207 2421 1258 2446 312
1280 2421 1312 2446 40
1325 2435 1361 2439 -
1379 2424 1418 2446 est

776 2465 881 2497 pondus
893 2472 923 2491 ex
936 2464 1042 2490 duobus
1054 2464 1157 2490 assibus
1170 2465 1345 2496 compositum
1355 2464 1417 2491 ibid.

830 2509 952 2535 binmaus
969 2522 1006 2528 —
1024 2508 1141 2534 Christus
1169 2508 1258 2540 dirigit
1282 2509 1364 2534 iustos
1384 2509 1417 2534 Vl

778 2553 830 2579 535
849 2554 864 2579 2

831 2598 939 2623 Πιεοειιε
957 2610 993 2616 -
1012 2597 1037 2622 ln
1058 2596 1220 2622 discibilibus
1247 2599 1351 2628 oportet
1378 2597 1416 2622 di-

777 2645 893 2667 scentem
912 2641 1021 2667 credere
1040 2641 1082 2666 Vll
1103 2641 1118 2666 4
1138 2642 1153 2665 8
1172 2655 1208 2658 —
1228 2640 1358 2666 debemus
1371 2647 1417 2666 an—

778 2689 883 2719 tequam
902 2686 998 2711 docere
1017 2685 1049 2710 Vl
1069 2686 1102 2710 32
1122 2693 1149 2710 v.
1168 2686 1194 2710 8.
1208 2685 1249 2709 Vll
1264 2685 1298 2710 67
1318 2685 1368 2710 402
1381 2699 1416 2703 -

777 2730 907 2756 debemus
934 2730 1088 2761 sapientiam
1116 2729 1157 2754 Vll
1186 2729 1237 2754 ⁴05
1257 2730 1291 2754 66
1310 2743 1345 2748 -
1366 2729 1416 2754 Vo-

778 2775 858 2800 lentes
876 2774 977 2800 discere
996 2773 1301 2799 comitantur-doctorem
1317 2773 1367 2798 470
1383 2774 1410 2798 24

777 2832 811 2837 —
832 2818 960 2844 Discenda
980 2820 1041 2843 sunt
1059 2818 1171 2843 maxime
1196 2824 1264 2849 quae
1284 2820 1344 2842 sunt
1371 2824 1417 2848 pa-

777 2862 892 2888 rabolice
910 2862 980 2888 dicta
999 2862 1049 2887 327
1069 2862 1102 2886 60
1122 2876 1157 2880 -
1176 2865 1214 2886 est
1234 2862 1258 2885 in
1279 2861 1360 2892 ignoti
1375 2868 1417 2886 no-

778 2906 859 2932 titiam
879 2913 927 2938 per
946 2906 1091 2932 doctrinam
1112 2906 1248 2936 devenire,
1269 2906 1310 2930 vel
1329 2905 1416 2935 cogni-

778 2953 833 2976 tum
853 2950 965 2982 experiri
984 2951 1018 2975 Vl
1037 2950 1089 2975 344
1109 2950 1143 2975 25
1164 2949 1192 2974 2*

830 2995 968 3021 nisenam
988 3009 1023 3012 —
1041 2994 1087 3019 Dei
1113 2997 1152 3019 est
1170 2994 1235 3019 fides
1256 2995 1363 3019 formata
1386 2994 1415 3017 Vl

780 3039 824 3064 464
849 3046 877 3064 ν.
905 3038 920 3064 4
948 3052 984 3058 -
1012 3038 1129 3064 consistit
1154 3038 1181 3063 in
1210 3038 1289 3070 factis·
1301 3036 1361 3063 ibid.
1381 3051 1416 3056 —

777 3082 873 3115 duplex
899 3086 950 3108 est:
976 3084 1102 3108 factorum
1131 3086 1156 3108 et
1185 3082 1328 3108 verborum
1354 3080 1415 3107 ibid.

777 3139 813 3145 —
830 3129 855 3152 et
873 3127 1000 3158 sapientia
1021 3127 1090 3152 idem
1110 3129 1170 3152 sunt
1189 3126 1214 3151 in
1234 3133 1277 3157 re,
1297 3125 1356 3151 licet
1368 3125 1415 3150 dif-

778 3170 859 3196 ferant
877 3170 975 3196 ratione
996 3171 1046 3196 ⁴49
1065 3178 1092 3196 v.
1115 3171 1147 3196 49
1161 3185 1195 3189 -—
1207 3169 1351 3203 acquiritur
1369 3176 1416 3201 per

777 3220 913 3240 sermones
936 3214 981 3240 Dei
1011 3214 1061 3240 ⁴47
1090 3222 1117 3240 v.
1137 3215 1170 3240 42
1189 3228 1224 3233 -
1243 3215 1354 3239 refertur
1381 3213 1415 3239 ad

777 3258 930 3290 temporalia
945 3262 975 3284 *et
998 3265 1086 3285 mores
1115 3259 1165 3285 429
1185 3266 1211 3284 ν.
1233 3259 1260 3283 44
1284 3271 1320 3277 -
1339 3257 1416 3283 actio·

777 3309 824 3328 nes
842 3302 982 3328 exteriores
994 3303 1099 3328 ordinat
1110 3306 1136 3328 et
1148 3302 1263 3334 disponit
1277 3301 1327 3327 449
1341 3308 1366 3326 v.
1381 3301 1414 3326 ⁴9

777 3361 811 3365 —
831 3346 1014 3378 Disciplinatus
1032 3346 1176 3372 ostenditur
1203 3353 1234 3372 ex
1258 3345 1329 3371 bona
1357 3352 1415 3371 con·

2038 210 2100 243 739

1760 252 1810 277 nis

1464 295 1611 321 versatione
1639 296 1681 321 Vll
1709 296 1741 322 43
1764 297 1813 322 ⁴44
1835 311 1868 315 —
1887 297 2100 330 Concupiscentia

1463 338 1616 370 disciplinae
1635 344 1673 366 est
1692 341 1793 366 initium
1823 342 1964 373 sapientiae
1992 343 2022 369 Vl
2051 344 2100 369 449

1463 390 1488 408 v.
1509 383 1541 408 47
1561 397 1592 402 --
1615 385 1696 416 Rigor
1708 385 1862 417 disciplinae
1875 390 1913 412 cst
1926 394 1988 412 crux
2008 388 2101 418 carnis,

1462 427 1538 452 cuius
1569 426 1674 453 brachia
1707 432 1766 454 sunt
1796 430 1900 461 vigilia,
1931 430 2101 462 abstinentia,

1462 472 1589 503 asperitas
1608 473 1720 498 vestium
1749 477 1775 499 et
1802 474 1939 507 disciplina
1959 476 2101 501 verberum

1464 516 1504 540 Vll
1525 516 1576 541 576
1599 516 1631 542 40

1517 560 1638 586 ὓιεειουιι
1657 575 1692 580 -—-
1711 560 1828 588 Christus
1847 563 1992 589 attrahebat
2006 565 2101 590 multos

1461 603 1604 635 discipulos
1634 605 1674 629 Vll
1706 605 1755 630 ⁴45
1782 606 1809 631 4⁴
1834 620 1869 625 ——
1887 606 1981 633 Christi
2000 612 2102 639 septua-

1462 647 1532 678 ginta
1551 648 1605 673 duo
1623 649 1740 681 ruerunt,
1769 651 1831 682 quia
1860 650 1940 676 fldem
1969 652 2101 678 Trinitatis

1462 692 1614 723 praedicare
1642 692 1775 720 debebant
1803 695 1854 720 253
1874 696 1889 720 2
1913 710 1947 713 -
1973 696 2101 727 designati

1463 736 1566 761 fuerunt
1586 736 1611 761 in
1635 744 1746 763 numero
1774 739 1954 771 septuaginta,
1983 741 2050 766 sicut
2075 741 2101 766 in

1462 780 1541 805 veteri
1556 782 1711 807 testamento
1725 782 1777 808 252
1791 784 1806 807 2
1822 797 1855 801 -
1868 785 2032 815 septuaginta
2047 785 2100 811 duo

1461 824 1612 857 mittuntur,
1625 825 1670 858 qui
1685 826 1792 851 totidem
1807 827 1930 858 gentibus
1949 829 2099 860 linguarum

1461 867 1835 900 Evangeliumpraedicarent
1849 871 1900 896 253
1921 872 1936 896 2
1956 885 1990 891 -
2010 873 2035 897 ln
2055 880 2100 898 nu-

1461 918 1534 937 mero
1554 912 1744 944 discipulorum
1765 914 1918 946 designatur
1941 916 2100 947 septiformis

1460 956 1567 987 spiritus
1586 956 1697 983 donatus
1716 965 1807 983 eorum
1837 959 1980 985 ministerio
1999 961 2031 986 ad
2053 961 2100 986 im-

1460 1000 1602 1032 pletionem
1623 1001 1741 1034 decalogi
1761 1006 1786 1028 et
1805 1002 1918 1028 duorum
1949 1009 2100 1037 praecepto-

1459 1051 1519 1070 rum
1538 1045 1652 1071 caritatis
1669 1045 1730 1072 ibid.

1485 1116 1488 1121 ,
1513 1090 1760 1122 ——praecedebant
1784 1092 1915 1119 Christum
1942 1094 2008 1119 sicut
2028 1101 2100 1126 prae-

1460 1140 1539 1160 cones
1558 1134 1602 1160 Vll
1621 1136 1673 1161 253
1693 1136 1708 1161 3
1728 1149 1762 1155 -
1782 1137 1853 1163 missi
1882 1139 1986 1163 fuerunt
2014 1142 2099 1164 aucto-

1460 1178 1535 1204 ritate
1554 1179 1643 1205 divina
1663 1179 1725 1206 ibid.
1740 1195 1775 1199 —
1788 1181 1925 1207 mittuntur
1942 1183 1976 1208 ad
1990 1183 2099 1208 modum

1461 1223 1593 1249 minorum
1622 1226 1798 1256 praelatorum
1818 1225 1869 1251 252
1890 1227 1914 1258 4,
1934 1227 1949 1251 2
1969 1241 2003 1246 -
2023 1227 2100 1253 debe-

1461 1266 1524 1293 bant
1543 1275 1600 1294 esse
1613 1269 1712 1294 solliciti
1726 1269 1760 1294 ad
1774 1270 1981 1301 praedicandum
2002 1272 2034 1297 w
2048 1272 2099 1297 296

1462 1312 1495 1337 55
1514 1325 1550 1331 —-
1568 1312 1695 1344 gerebant
1714 1312 1809 1339 Christi
1828 1321 1967 1346 personam
1989 1319 2014 1341 et
2027 1323 2100 1348 prae·

1461 1355 1584 1382 dicabant
1612 1357 1669 1382 cius
1696 1358 1850 1384 auctoritate
1878 1359 1920 1385 vu
1941 1360 1992 1385 260
2013 1361 2045 1385 26
2067 1374 2100 1379 --

1462 1400 1519 1425 facti
1548 1402 1690 1427 authentici
1721 1403 1916 1434 praedicatores
1947 1405 2100 1430 auctoritate

1460 1442 1554 1469 Christi
1573 1448 1599 1470 et
1617 1445 1699 1471 Patris
1718 1445 1779 1472 ibid.
1800 1461 1833 1465 —
1853 1448 1880 1473 ln
1905 1448 1995 1474 auditu
2022 1449 2098 1474 disci-

1461 1488 1582 1519 pulorum
1603 1488 1696 1515 Christi
1716 1489 1834 1516 Christus
1856 1492 1961 1517 auditur
1980 1492 2042 1518 ibid.
2064 1507 2099 1512 ·—

1460 1532 1600 1564 Disciputis
1624 1533 1766 1565 deputatae
1785 1538 1845 1560 sunt
1863 1536 2034 1567 particulares
2053 1537 2100 1563 Ec-

1459 1577 1554 1602 clesiae
1574 1578 1692 1609 gentium
1712 1585 1900 1605 conversarum
1922 1579 1967 1605 49⁴
1993 1581 2026 1606 52

1512 1635 1548 1640 -
1561 1623 1693 1653 perfectus
1712 1623 1862 1655 intelligitur
1880 1630 1927 1656 per
1940 1625 1976 1649 sal
1992 1625 2032 1650 Vll
2047 1626 2098 1651 380

1460 1665 1493 1691 67
1503 1679 1539 1685 —-
1550 1667 1679 1698 perfectus
1689 1668 1809 1699 exemplo
1820 1671 1845 1693 et
1855 1667 1938 1694 verbo
1948 1668 2027 1695 debet
2041 1676 2100 1695 con-

1459 1709 1515 1736 dire
1536 1710 1616 1736 corda
1636 1711 1746 1737 aliorum
1770 1711 1830 1738 ibid.
1850 1727 1885 1731 —
1905 1712 1983 1739 debet
2002 1713 2099 1740 habere

1458 1754 1643 1781 discretionem
1662 1756 1688 1781 in
1707 1757 1919 1788 conversatione,
1941 1758 2097 1790 sapientiam

1458 1799 1483 1824 in
1502 1800 1722 1832 contemplatione
1744 1799 1805 1827 ibid.
1824 1815 1859 1820 —
1878 1802 1994 1834 prudens
2013 1806 2039 1828 et
2058 1810 2096 1828 sa-

1458 1844 1533 1876 piess
1560 1848 1629 1870 recte
1660 1845 1744 1871 verbo
1763 1848 1788 1871 et
1806 1847 1925 1878 exemplo
1944 1847 2097 1873 condimen-

1458 1892 1512 1914 tum
1526 1892 1565 1915 est
1577 1890 1707 1916 Ecclesiae
1725 1891 1772 1915 38⁴
1798 1891 1831 1916 67
1850 1905 1884 1909 -
1903 1891 1970 1917 sieut
1989 1892 2025 1917 sal
2039 1898 2097 1917 eva·

1456 1934 1552 1966 nescit,
1572 1934 1680 1967 quando
1700 1935 1811 1961 eflicitur
1830 1935 1967 1961 indevotus
1986 1936 2012 1961 in
2038 1943 2098 1961 con-

1457 1978 1623 2010 templatione
1642 1981 1668 2004 ct
1687 1979 1842 2006 indiscretus
1862 1980 1886 2005 in
1906 1981 2008 2006 actione
2027 1984 2052 2006 et
2072 1981 2095 2006 in

1456 2022 1649 2053 praedicatione
1669 2022 1731 2049 ibid.
1756 2037 1790 2042 —
1816 2024 1955 2050 indevotus
1984 2028 2009 2050 et
2033 2025 2098 2050 indi-

1455 2069 1556 2091 scretus
1574 2069 1614 2092 est
1634 2067 1811 2098 despectibilis
1830 2071 1855 2094 et
1868 2069 1965 2094 inutilis
1984 2072 2036 2094 tam
2057 2076 2097 2095 co-

1454 2116 1511 2135 ram
1530 2110 1584 2135 Deo
1604 2117 1684 2143 quam
1704 2112 1855 2138 hominibus
1869 2112 1978 2147 ibid·—
1996 2117 2097 2145 aposta-

1455 2157 1513 2180 tans
1528 2154 1672 2186 despicitur
1690 2156 1758 2181 sicut
1776 2157 1812 2182 sal
1833 2157 1987 2182 infatuatum
2008 2157 2041 2184 ib.
2061 2158 2093 2183 68

1508 2213 1543 2216 —
1563 2199 1603 2224 Ad
1621 2198 1716 2225 Christi
1738 2200 1923 2232 discipulatum
1953 2202 2096 2233 requiritur

1456 2243 1569 2274 perfecta
1589 2243 1735 2275 humilitas,
1754 2247 1896 2275 paupertas
1909 2248 1934 2269 et
1946 2245 2039 2271 caritas
2052 2246 2096 2271 Vll

1456 2285 1502 2311 444
1528 2287 1562 2312 29
1583 2287 1722 2312 —idonei
1752 2288 1785 2313 ad
1813 2288 1974 2314 audiendum
2001 2288 2095 2315 Christi

1456 2331 1632 2356 testimonium
1657 2334 1717 2357 sunt
1745 2332 1869 2362 humiles,
1898 2332 2024 2364 magistro
2049 2334 2095 2359 ad-

1456 2376 1591 2400 haerentes
1610 2379 1635 2400 et
1648 2382 1676 2401 se
1687 2380 1805 2401 amantes
1819 2376 1851 2400 Vl
1866 2377 1917 2401 262
1931 2376 1965 2402 72
1978 2391 2013 2396 -
2031 2385 2094 2409 pau-

1455 2419 1525 2450 peris
1543 2419 1636 2445 Christi
1655 2427 1706 2445 non
1726 2424 1811 2452 potest
1823 2428 1880 2446 esse
1892 2421 1937 2453 qui
1957 2422 2093 2447 consilium

1456 2464 1616 2495 paupertatis
1635 2465 1777 2490 contemnit
1797 2465 1908 2490 vn‘380
1929 2466 1962 2490 66
1983 2481 2018 2484 -
2037 2467 2091 2492 Non

1454 2511 1493 2533 cst
1522 2514 1602 2533 verus
1633 2508 1778 2540 discipulus
1816 2509 1860 2542 qui
1894 2517 1946 2535 uon
1978 2511 2093 2536 imitatur

1455 2552 1609 2583 magistrum
1630 2552 1677 2578 551
1701 2553 1734 2578 38
1753 2567 1789 2572 -—
1816 2554 1892 2580 Fides
1922 2556 2030 2580 formata
2060 2556 2092 2580 fa-

1455 2596 1489 2621 cit
1516 2596 1659 2628 discipulos
1679 2597 1724 2622 Dei
1744 2597 1776 2622 Vl
1799 2598 1842 2622 464
1867 2605 1892 2623 v.
1915 2598 1930 2623 4
1949 2612 1984 2617 -
2003 2599 2092 2625 Omnis

1454 2639 1575 2665 sanctitas
1594 2644 1618 2666 et
1637 2641 1721 2666 virtus
1740 2645 1764 2666 et
1783 2642 1887 2667 scientia
1902 2642 2092 2674 discipulorum

1455 2684 1576 2715 Magistro
1603 2684 1795 2710 attribuebatur
1822 2686 1873 2711 394
1896 2686 1929 2711 57
1949 2687 1978 2711 2*
1996 2701 2032 2706 -
2051 2688 2093 2712 Di-

1454 2728 1547 2760 scipuli
1565 2727 1659 2754 Christi
1679 2736 1708 2754 se
1728 2729 1798 2760 ipsos
1823 2730 1971 2762 relinquere
1995 2730 2092 2757 debent

1454 2775 1561 2803 propter
1580 2773 1672 2797 Clu-isti
1692 2773 1837 2798 doctrinam
1858 2773 1908 2798 568
1929 2781 1955 2799 v.
1975 2774 2008 2799 67

1506 2830 1541 2834 -
1559 2817 1704 2841 secundum
1733 2817 1870 2842 consilium
1890 2817 1983 2844 Christi
2009 2820 2090 2844 secuti

1454 2863 1513 2885 sunt
1532 2860 1618 2891 ipsum
1643 2861 1743 2895 lucem,
1771 2861 1832 2893 quia
1863 2860 1930 2887 bona
1961 2862 2092 2888 habebant

1454 2911 1532 2935 opera
1554 2904 1584 2928 v}
1606 2905 1657 2928 262
1677 2904 1711 2929 74
1732 2919 1764 2922 -
1784 2906 1865 2931 secuti
1879 2910 1939 2931 sunt
1959 2906 2090 2932 Christum

1454 2951 1521 2972 recta
1538 2947 1690 2977 intentione,
1705 2954 1859 2980 quaerentes
1873 2950 1930 2975 cius
1944 2951 2089 2976 doctrinam

1454 2996 1477 3017 et
1498 2991 1682 3017 habitationem
1705 2993 1737 3018 ib.
1766 2994 1809 3024 75,
1838 2994 1871 3019 76
1891 3008 1920 3013 —-
1944 3000 2090 3027 sequuntur

1453 3036 1584 3062 Christum
1604 3044 1651 3068 per
1671 3042 1793 3063 montana
1813 3039 1982 3064 consiliorum
2003 3040 2053 3064 583
2075 3040 2084 3063 4

1506 3094 1540 3099 -
1560 3081 1686 3106 Dominus
1704 3081 1848 3113 discipulos
1873 3083 1942 3108 misit
1962 3082 2037 3108 binos
2058 3083 2089 3107 Vl

1454 3124 1486 3149 39
1508 3132 1534 3149 v.
1553 3125 1568 3148 9
1588 3138 1622 3143 -
1642 3125 1714 3151 missi
1735 3127 1836 3151 fuerunt
1855 3125 1923 3156 bini,
1944 3130 1972 3151 ut
1990 3133 2018 3151 se
2035 3133 2090 3151 mu-

1453 3172 1497 3193 tuo
1516 3169 1678 3194 custodirent
1691 3173 1716 3195 et
1728 3169 1884 3195 adiuvarent
1897 3170 1939 3195 Vll
1959 3170 2010 3195 253
2026 3170 2040 3195 3
2054 3183 2089 3189 —

1452 3219 1481 3238 se
1498 3211 1595 3238 debent
1614 3217 1706 3239 mutuo
1726 3214 1817 3239 iuvare
1838 3213 1887 3239 482
1908 3214 1941 3239 30
1961 3227 1996 3233 -
2016 3214 2088 3240 missi

1453 3257 1558 3282 fuerunt
1575 3256 1631 3282 bini
1650 3257 1683 3283 ad
1702 3258 1884 3284 insinuandam
1908 3258 2042 3283 caritatem
2062 3258 2088 3283 in

1453 3300 1653 3332 praedicationis
1672 3301 1758 3327 officio
1777 3300 1838 3328 ibid.
1857 3315 1892 3321 —
1911 3308 2003 3327 eorum
2030 3302 2088 3327 mis-

1451 3345 1490 3371 sio
1510 3345 1556 3370 fuit
1575 3345 1740 3377 praeparatio
1759 3345 1793 3371 ad
1812 3344 1943 3372 Christum
1972 3344 2034 3372 ibid.
2052 3360 2086 3364 -
