2476 3921
141 676 172 697 De
184 677 242 703 signo
255 682 287 697 sa-

153 704 287 724 cramentalss

153 730 278 751 medicinae.

143 1732 173 1753 De
188 1732 280 1753 seeundo

136 1759 229 1779 membro
238 1759 285 1780 tria.

166 1892 195 1912 De
211 1891 280 1912 officio

164 1918 279 1939 excitandi.

310 215 351 245 72

309 301 408 333 fidelis
425 314 454 331 ».
483 300 516 331 Et
549 304 623 332 tunc
648 300 810 341 impletum
835 303 882 332 est
914 300 991 332 illud
1015 300 1182 332 Malachiae
1206 303 1268 332 ter-

308 354 368 385 tio:
399 366 413 380 «
433 353 522 390 Ecce,
540 361 596 394 ego
613 352 702 384 mitto
726 352 876 394 Angelum
901 361 1021 390 meum,
1045 357 1076 385 et
1100 361 1267 394 praepara—

308 406 352 437 bit
377 406 458 437 viam
484 408 568 437 tuam
588 419 617 436 ».
643 405 679 437 Et
703 405 862 446 signanter
886 405 976 437 dicit:
1006 406 1042 437 ln
1067 415 1193 438 omnem
1217 416 1267 438 re-

305 459 452 500 yionem,
477 461 512 489 ut
537 457 730 499 significetur
754 467 829 490 vera
852 458 1044 496 obedientia,
1076 467 1157 499 quae
1189 458 1267 490 nihil

308 511 442 552 excipit,
468 511 520 543 sed
556 511 595 543 ad
630 511 735 543 omnia
758 515 806 543 est
840 514 1001 552 prompta;
1033 511 1178 543 Ieremiae
1203 512 1267 552 pri-

307 565 400 595 mol:
432 576 446 590 «
464 563 505 595 Ad
530 563 649 601 onmia,
675 572 755 605 quae
779 563 900 595 mittam
926 566 969 601 te,
995 563 1053 595 ibis
1070 577 1084 591 »
1113 566 1171 595 etc.

396 618 424 648 9.
450 617 608 657 Quantum
636 619 742 648 autem
777 616 815 648 ad
842 616 976 658 siymtm
1011 616 1267 648 sacramentalis

307 670 487 702 medicinae
510 669 670 701 subditur:
699 669 905 702 Praecticans
930 669 1129 711 baptismum
1154 670 1266 711 poeni-

306 723 439 760 tentiae,
465 722 545 755 sicut
569 722 684 754 dicitur
702 722 833 755 Actuum
858 723 978 755 decimo
995 732 1076 754 nono
1090 723 1116 754 2:
1148 736 1162 750 «
1181 723 1266 755 Ioan-

306 785 361 808 nes
384 775 553 817 baptizavit
576 776 730 817 baptismo
748 776 953 817 poeniteutiae
978 777 1129 818 populum
1144 790 1172 808 ».
1201 777 1265 809 Βα-

303 829 463 870 ptismmn
490 829 706 870 poenitentiae
731 832 834 867 vocat,
871 829 945 870 quia
968 829 1006 861 ad
1043 830 1264 870 poenitentiam

307 882 509 919 informabat,
535 882 677 914 Matthaei
704 882 812 914 tertio:
844 895 858 910 «
882 882 993 914 Exibat
1016 882 1054 913 ad
1086 891 1158 914 eum
1184 882 1265 914 Iero-

307 935 425 976 solyma
448 939 478 967 et
502 935 602 967 omnis
627 935 751 973 Iudaea,
776 938 807 967 et
838 935 1077 976 baptizabantur
1101 935 1140 967 ab
1164 944 1201 967 eo
1234 936 1265 968 in

307 987 450 1025 Iordane,
475 987 657 1019 confitentes
682 991 807 1028 peccata
831 997 888 1019 sua
904 1001 934 1019 ».
961 987 1017 1019 Sed
1044 988 1113 1020 licet
1137 988 1175 1019 ad
1192 997 1264 1029 poe-

305 1040 466 1072 nitentiam
484 1039 683 1077 informaret,
709 1043 811 1071 tamen
830 1040 1044 1072 remissionem
1063 1043 1263 1081 peccatorum

304 1102 365 1124 non
390 1092 538 1129 faciebat,
564 1092 617 1124 sed
645 1092 683 1123 ad
707 1092 899 1133 baptismum
925 1092 1013 1124 illum
1048 1093 1263 1133 praeparabat.

305 1145 338 1176 Et
362 1145 430 1176 ideo
454 1144 619 1176 subditur:
645 1145 685 1176 [η
716 1145 943 1176 remissionem
964 1149 1175 1186 peccatoram
1190 1171 1199 1183 ,
1234 1145 1264 1177 id

302 1202 348 1230 est
374 1198 402 1229 in
430 1198 619 1238 baptismum
644 1197 774 1236 Christi,
801 1196 830 1229 in
848 1207 911 1239 quo
935 1201 982 1230 est
999 1198 1154 1234 remissi0;
1181 1198 1264 1230 unde

303 1251 435 1282 :ictuum
452 1250 589 1282 secundo
603 1250 630 1281 3:
654 1263 668 1278 «
687 1250 864 1291 Baptizetur
884 1250 1105 1292 unusquisque
1123 1254 1263 1283 vestrum

303 1304 473 1335 innomine
490 1303 613 1335 Domini
630 1303 728 1335 nostri
754 1303 821 1336 Iesu
847 1303 960 1336 Christi
987 1303 1018 1335 in
1048 1304 1264 1336 remissionem

302 1361 501 1397 peccatorum
520 1370 549 1388 ».
576 1357 611 1387 Et
634 1356 672 1388 de
697 1357 756 1388 hoc
791 1356 914 1389 dicebat
946 1357 1111 1389 Zacharias
1143 1357 1264 1389 decimo

302 1409 410 1441 tertio:
441 1422 456 1437 <‹
475 1409 539 1440 Erit
564 1409 630 1441 fons
655 1412 763 1450 patens
786 1409 893 1441 domui
918 1409 1015 1441 David
1039 1412 1070 1441 et
1095 1409 1263 1441 habitanti-

300 1463 358 1494 bus
380 1462 550 1494 Ierusalem
574 1462 604 1494 in
622 1462 814 1495 ablutionem
838 1463 1012 1504 peccatorIS
1029 1467 1059 1494 et
1084 1466 1263 1495 menstrua-

302 1520 347 1547 tae
361 1527 395 1552 »;
421 1519 452 1547 et
476 1515 616 1548 Ezechiel
641 1515 800 1556 trigesimo
824 1518 932 1548 sexto:
958 1528 972 1543 «
988 1515 1147 1547 Effundam
1167 1524 1263 1556 super

300 1577 354 1600 vos
378 1577 491 1609 aquam
510 1568 674 1605 mundam,
691 1572 722 1600 et
746 1568 971 1600 mundabimini
990 1568 1029 1600 ab
1053 1568 1198 1600 omnibus
1216 1568 1263 1599 in—

300 1621 510 1662 quinamentis
533 1621 646 1653 vestris
664 1634 677 1649 n
707 1625 764 1653 etc.

397 1675 442 1705 to.
469 1674 568 1713 (Vers.
587 1675 641 1714 4.).
669 1674 762 1706 Sicut
777 1674 940 1716 scriptum
965 1678 1011 1706 est
1027 1677 1084 1706 etc.
1112 1674 1165 1706 Hic
1182 1683 1263 1706 com-

301 1727 467 1760 mendatur
492 1727 662 1759 auctoritas
687 1727 807 1759 loannis
831 1736 871 1759 ex
896 1728 1100 1760 attestatione
1121 1726 1262 1770 proplie-

302 1780 384 1818 tica,
410 1780 440 1812 in
465 1789 528 1821 qua
565 1781 691 1812 Ioannes
716 1780 898 1822 praedicans
933 1781 1109 1813 ostenditur
1145 1781 1262 1814 hahere

302 1834 440 1866 officium
465 1834 651 1872 excitandi,
677 1834 903 1866 commonendi
926 1838 957 1866 et
992 1834 1192 1866 consolandi.
1219 1853 1260 1858 -

302 1886 498 1925 Ostenffltur,
517 1887 659 1928 inquam,
678 1888 779 1929 primo
798 1887 913 1920 habere
938 1887 1076 1920 officium
1094 1888 1263 1920 excitandi

298 1950 359 1982 per
383 1940 673 1978 exclamationem,-
698 1944 728 1973 et
745 1940 813 1972 ideo
830 1940 962 1973 dicitur:
990 1940 1082 1972 Sicut
1097 1941 1261 1982 scriptam

301 1998 347 2025 esc
370 1994 406 2025 in
430 1993 513 2025 libro
536 2003 727 2025 sermonum
753 1994 863 2025 Isaiae
883 1992 1077 2035 prophetae:
1112 1993 1177 2025 Vox
1195 1994 1261 2025 cta—

300 2046 424 2078 mantis
449 2046 483 2077 in
507 2047 652 2083 (teserem
686 2047 744 2078 hoc
768 2046 851 2078 enim
884 2046 1033 2078 scribitur
1065 2046 1159 2078 Isaiae
1184 2056 1261 2087 qua-

300 2099 475 2141 dragesimo
489 2100 511 2130 4.
537 2099 658 2132 Dicitur
683 2102 789 2131 autem
806 2099 935 2131 loannes
959 2108 1038 2137 vox,
1063 2099 1154 2140 quia,
1181 2099 1262 2131 sicut

300 2161 362 2183 vox
387 2152 519 2184 verbum
552 2152 669 2193 praeit,
695 2152 738 2184 sic
768 2152 895 2184 Ioannes
927 2152 1105 2191 Christum;
1136 2155 1167 2184 et
1197 2162 1261 2184 vox

300 2205 495 2243 clamantis,
528 2205 603 2246 quia
638 2205 755 2237 excitat
779 2205 987 2244 dormientes,
1012 2208 1048 2237 ut
1083 2205 1121 2237 ad
1158 2205 1260 2238 lucem

300 2258 465 2299 evigilent,
490 2258 662 2290 secundum
680 2258 757 2290 illud
782 2258 876 2291 Isaiae
892 2258 1153 2301 quinquagesimo
1177 2262 1261 2291 octa-

300 2312 381 2344 vo⁵:
413 2325 427 2339 «
445 2312 562 2350 Clama,
588 2320 626 2344 ne
650 2320 769 2350 cesses,
794 2312 883 2353 quasi
915 2312 989 2344 tuba
1016 2312 1121 2344 exalta
1152 2321 1260 2344 vocem

301 2369 386 2396 tuam
404 2377 438 2403 »;
464 2368 494 2397 et
521 2365 570 2397 lob
596 2365 754 2406 trigesimo
779 2365 931 2406 septimo:
961 2379 975 2393 «
993 2365 1125 2397 'sonabit
1156 2365 1260 2397 Domi-

300 2427 360 2451 nus
384 2427 458 2463 voce
484 2427 540 2450 sua
564 2418 750 2451 mirabiliter
768 2432 798 2457 »,
829 2432 843 2447 «
861 2422 891 2451 et
916 2428 975 2451 non
1002 2419 1259 2460 investigabitur,

907 212 1099 244 COMMENT.
1124 213 1160 244 IN
1185 211 1422 244 EVANGELIUM
1447 212 1563 245 LUCAE
1587 213 1618 245 C.
1645 213 1690 245 111.

1332 309 1404 332 cum
1421 300 1527 332 audita
1543 300 1638 333 fuerit
1654 310 1718 333 vox
1734 301 1803 334 eius
1818 314 1849 333 ι».
1867 302 1946 334 Haec
1962 305 2009 335 est
2025 312 2088 334 vox
2099 328 2106 341 ‚
2124 302 2162 335 de
2178 312 2241 344 qua
2258 303 2289 335 in

1333 353 1469 385 Psalmo:
1499 353 1600 385 «Vox
1617 353 1739 386 Domini
1764 362 1860 395 super
1883 363 1996 396 aquas,
2021 355 2105 387 Deus
2120 355 2290 388 maiestatis

1332 405 1514 437 intonuit».
1539 406 1625 438 Unde
1648 406 1794 445 Ioannes,
1827 407 1948 439 Ioannis
1979 407 2098 448 primo,
2130 408 2290 449 respondit

1332 459 1571 499 quaerentibus:
1593 473 1608 486 «τ
1628 459 1688 500 Ego
1712 468 1775 491 vox
1795 460 1957 492 clamantis
1980 460 2012 491 in
2032 460 2198 492 deserto».
2223 460 2290 492 Vox

1332 511 1428 552 igitur
1452 514 1499 543 est
1522 511 1645 553 signum
1670 512 1890 553 expressivum
1915 512 2021 550 verbi;
2046 512 2130 545 unde
2154 513 2289 554 prophe-

1332 563 1392 595 tiae
1415 563 1549 595 aliorum
1579 563 1708 596 fuerunt
1732 564 1821 605 quasi
1852 568 1955 596 nutus
1979 567 2125 605 respectu
2156 564 2289 603 Christi,

1331 616 1385 648 sed
1402 616 1522 648 Ioannis
1539 616 1597 648 fuit
1613 616 1702 658 quasi
1725 626 1787 648 voa:
1804 620 1949 658 respectu
1966 616 2075 655 Verbi,
2096 617 2170 658 quia
2186 617 2289 658 ipsum

1332 668 1496 701 visibiliter
1520 669 1688 701 ostenditss.

1423 723 1472 753 11.
1498 722 1681 754 Ostenditur
1712 722 1804 754 etiam
1834 722 1971 755 secundo
2004 722 2120 755 habere
2151 722 2439 778 officiumwveofficig,
2463 762 2464 765 Ἴ

1331 775 1559 818 commonendi
1566 785 1628 816 per
1644 775 1882 814 excitationem,
1896 784 1969 808 cum
1986 775 2149 808 subditur:
2163 776 2290 808 Parate
2325 761 2419 777 'nmen
2434 763 2448 778 ¹'

1330 828 1420 860 viam
1437 828 1579 866 Domini,
1594 837 1650 869 per
1662 828 1892 861 observantiam
1907 828 2023 861 scilicet
2035 829 2291 867 mandatoranu
2311 834 2438 884 ⁵233&an-
2463 866 2464 871 Ἰ

1330 882 1471 914 Psalmus
1488 882 1517 913 ⁷:
1547 894 1562 910 «
1580 882 1667 914 Viam
1693 881 1913 914 mandatorum
1948 885 2078 914 tuorum
2113 881 2241 914 cucurri
2253 887 2448 921 »mandatorum-

1330 937 1360 965 et
1384 934 1507 966 Baruch
1533 934 1643 966 tertio:
1674 947 1688 962 «
1706 934 1734 966 Si
1767 934 1798 966 in
1824 934 1875 966 via
1906 934 1960 966 Dei
1992 934 2203 973 ambulasses,
2235 935 2290 966 ha—

1329 987 1460 1019 bitasses
1484 987 1593 1029 utique
1618 988 1649 1019 in
1674 996 1749 1029 pace
1780 996 1876 1029 super
1902 990 2071 1030 terram».
2097 988 2212 1020 Rectas
2235 986 2290 1030 fa-

1329 1040 1389 1071 cite
1423 1040 1557 1072 semita-s
1581 1040 1670 1078 etus,
1695 1050 1751 1082 per
1786 1041 2017 1073 observantiam
2054 1040 2444 1094 consiliorumflteffiffinsi-

1331 1093 1573 1125 proverbiorum
1597 1093 1754 1135 quart082
1785 1106 1800 1122 «
1816 1094 1904 1126 Viam
1925 1094 2094 1135 sapientiae
2118 1094 2290 1127 monstravi
2409 1089 2414 1094 '

1331 1145 1384 1177 tibi
1410 1149 1441 1177 et
1464 1145 1542 1177 duxi
1568 1149 1597 1178 te
1622 1155 1677 1187 per
1702 1146 1828 1179 semitas
1843 1147 2025 1188 aequitatis,
2050 1155 2129 1188 quas
2153 1155 2226 1179 cum
2243 1146 2291 1178 in-

1329 1207 1456 1239 gressus
1480 1198 1595 1237 fueris,
1620 1208 1681 1231 non
1706 1199 1915 1232 arctabuntur
1938 1208 2067 1241 gressus
2091 1200 2152 1238 tui,
2170 1203 2201 1232 et
2217 1208 2290 1232 cur-

1330 1259 1402 1283 rens
1438 1260 1498 1283 non
1532 1251 1661 1284 habebis
1695 1252 1917 1285 offendiculum
1943 1265 1978 1291 »;
2016 1253 2109 1285 Isaiae
2140 1253 2290 1294 vigesimo

1329 1307 1434 1336 sexto:
1464 1304 1612 1336 «Semita
1647 1304 1720 1337 iusti
1746 1308 1848 1344 recta,
1884 1308 1991 1338 rectus
2023 1305 2110 1338 callis
2146 1305 2218 1338 iusti
2251 1306 2288 1338 ad

1328 1357 1585 1390 ambulandum»
1614 1361 1691 1397 etc.;
1721 1359 1874 1391 Psalmus:
1906 1372 1921 1387 «
1938 1359 2042 1401 Dirige
2067 1368 2117 1391 me
2142 1359 2173 1391 in
2198 1358 2290 1391 semi-

1328 1413 1391 1441 tam
1416 1410 1635 1442 mandatorum
1669 1414 1797 1443 tuorum
1813 1425 1828 1440 »
1857 1415 1915 1444 etc.
1948 1430 1989 1435 -—-
2023 1413 2139 1444 Rectas
2169 1410 2448 1466 facitaqffea'ffifgs

1328 1462 1445 1495 scilicet
1478 1463 1669 1496 intentiones
1678 1475 1689 1501 ;
1713 1464 1764 1496 Iob
1796 1465 1943 1506 prim0⁹:
1975 1478 1990 1493 «
2007 1465 2043 1497 Et
2066 1469 2134 1497 erat
2165 1464 2214 1497 vir
2238 1464 2290 1497 ille
2436 1459 2442 1466 ”

1328 1514 1462 1556 simplex
1498 1519 1529 1547 et
1554 1520 1659 1548 rectus
1694 1525 1729 1548 ac
1766 1517 1878 1549 timens
1902 1517 2003 1549 Deum
2038 1520 2069 1549 et
2092 1517 2241 1549 recedens
2272 1526 2290 1549 a

1329 1568 1411 1600 malo
1428 1582 1457 1599 ».
1483 1587 1524 1591 —
1552 1568 1793 1610 Cogitationem
1813 1570 1983 1614 PsaImus:
2014 1582 2029 1597 (ε
2047 1570 2228 1602 Innocentes
2259 1573 2290 1602 et
2302 1575 2447 1602 Cogitationes-

1328 1621 1403 1653 recti
1435 1621 1646 1654 adhaeserunt
1678 1622 1754 1654 mihi
1777 1634 1811 1660 »;
1842 1626 1872 1654 et
1904 1622 2104 1655 Ecclesiastae
2135 1623 2287 1664 septimo:

1332 1687 1347 1701 «
1366 1674 1426 1706 Hoc
1450 1674 1572 1713 inveni,
1597 1675 1681 1717 quod
1706 1675 1814 1708 fecerit
1837 1676 1921 1708 Deus
1937 1675 2096 1708 hominem
2121 1678 2287 1708 rectum».

1327 1745 1371 1750 -—
1396 1726 1608 1770 Affectiones;
1632 1728 1832 1761 Canticorum
1857 1729 1976 1770 primo:
2007 1741 2021 1756 α
2039 1729 2122 1760 Recti
2155 1728 2289 1770 diligunt
2308 1734 2439 1756 Affectiones·

1327 1784 1357 1813 te
1373 1793 1409 1820 »ς
1434 1784 1465 1813 et
1482 1781 1638 1814 psalmus:
1669 1795 1684 1810 «
1698 1782 1798 1823 Quam
1822 1782 1924 1814 bonus
1942 1782 2035 1814 lsrael
2058 1782 2143 1814 Deus
2167 1782 2216 1814 liis
2233 1782 2288 1823 qui

1326 1837 1413 1867 recto
1445 1838 1519 1867 sunt
1551 1835 1644 1867 corde
1666 1838 1703 1867 »t
1733 1854 1773 1858 —
1808 1835 2018 1873 Locationes;
2043 1835 2287 1868 l'roverbiorum
2308 1840 2439 1862 Locutioues·

1326 1890 1435 1920 octavo
1450 1888 1492 1919 ¹⁰:
1524 1888 1628 1920 «lusti
1667 1891 1740 1920 sunt
1763 1897 1872 1921 omnes
1907 1897 2067 1921 sermones
2096 1888 2174 1927 mei,
2212 1889 2289 1921 recti

1326 1944 1400 1972 sunt
1424 1940 1669 1982 intelligentibus
1685 1954 1715 1972 ».
1735 1959 1775 1964 —
1794 1941 1965 1978 Actiones;
1982 1941 2224 1974 Proverbiorum
2243 1942 2290 1974 vi-
2309 1945 2415 1967 Actiones·

1326 1993 1443 2034 gesimo
1458 2005 1464 2024 :
1495 2006 1510 2021 «
1526 1993 1573 2024 Ex
1598 1993 1709 2026 studiis
1725 1994 1790 2026 suis
1814 1994 1998 2036 intelligitur
2016 2003 2113 2036 puer,
2130 1995 2155 2027 si
2173 1994 2290 2027 munda

1326 2049 1357 2077 et
1380 2049 1466 2078 recta
1490 2045 1552 2078 sint
1574 2054 1671 2087 opera
1694 2046 1762 2078 eius
1778 2059 1814 2085 »;
1840 2046 1892 2078 Iob
1908 2049 2033 2079 octavo:
2062 2059 2078 2075 α
2095 2047 2125 2079 Si
2150 2047 2289 2080 mundus

1326 2102 1357 2131 et
1373 2102 1479 2131 rectus
1502 2099 1683 2138 incesseris,
1700 2099 1805 2132 statim
1822 2099 1981 2141 evigilabit
1996 2099 2035 2132 ad
2059 2103 2089 2132 te
2103 2113 2132 2132 n.
2147 2119 2190 2123 —
2204 2101 2289 2132 Pas-
2310 2104 2426 2126 Passiones·

1325 2152 1452 2190 siones;
1470 2152 1522 2185 Iob
1538 2151 1652 2194 quarto
1666 2154 1709 2185 ¹¹:
1740 2166 1756 2181 «
1773 2152 1965 2191 Recordare,
1990 2153 2120 2186 obsecro
2145 2156 2191 2192 te,
2217 2153 2289 2196 quis

1326 2213 1467 2247 unquam
1504 2205 1652 2239 innocens
1686 2206 1806 2248 periit?
1830 2206 1889 2238 Aut
1923 2206 2048 2248 quando
2084 2206 2161 2239 recti
2196 2206 2289 2239 deleti

1325 2261 1400 2291 sunt
1416 2272 1431 2288 n
1448 2262 1460 2291 ¹?
1478 2277 1519 2282 —
1548 2258 1810 2297 &tributionem
1835 2259 2078 2292 proverbiorum
2101 2259 2288 2292 undecimo:
2308 2263 2435 2312 Retgigjtio-

1331 2325 1345 2340 «
1363 2312 1482 2345 Iustitia
1505 2315 1666 2345 rectorum
1690 2312 1834 2345 liberabit
1857 2321 1910 2345 eos
1926 2326 1957 2344 ι).
1984 2313 2035 2346 Est
2058 2313 2142 2345 enim
2170 2312 2288 2345 iustitia

1325 2365 1497 2398 secundum
1516 2366 1653 2398 Tullium
1667 2364 1693 2385 ¹2
1715 2379 1730 2394 «
1748 2369 1893 2399 constans
1910 2369 1941 2399 et
1957 2369 2109 2408 perpetua
2125 2366 2288 2405 voluntas,

1325 2419 1375 2451 ius
1399 2428 1492 2451 suum
1519 2419 1690 2461 unicuique
1707 2419 1894 2452 tribuens».
1913 2438 1954 2443 --
1972 2420 2030 2461 Qui
2049 2428 2105 2461 per
2122 2420 2179 2452 has
2196 2420 2287 2453 recti-

371 2575 378 2588 ¹
402 2576 474 2600 Vers.
495 2575 519 2599 7.

370 2618 380 2632 ²
400 2620 474 2644 Vers.
495 2619 519 2644 4.
538 2633 573 2638 -—
598 2620 718 2652 Sequitur
744 2621 830 2645 Mattb.
859 2620 887 2651 3,
908 2620 932 2645 5.
957 2627 1013 2652 seq.
1035 2634 1070 2639 ·—
1088 2621 1212 2652 Gregor„
1240 2622 1258 2646 I.

301 2663 393 2688 llomil.
414 2664 439 2688 in
461 2664 560 2695 Evang.
585 2664 672 2689 homil.
694 2664 734 2689 20.
762 2672 787 2689 n.
809 2665 837 2689 2:
858 2664 965 2689 Cunctis
989 2664 1136 2696 legentibus
1164 2665 1260 2697 liquet,

300 2709 360 2740 quia
381 2710 489 2734 loannes
515 2716 565 2734 non
586 2709 670 2734 solum
695 2708 856 2740 baptismum
883 2709 1058 2740 poenitentiae
1083 2709 1260 2740 praedicavit,

300 2760 392 2777 verunt
413 2753 489 2777 etiam
509 2752 669 2785 quibusdam
684 2753 769 2782 dedit,
789 2753 836 2778 sed
856 2756 941 2778 tamen
956 2752 1115 2784 baptismum
1136 2760 1214 2779 suum
1235 2754 1260 2778 in

300 2797 480 2822 remissionem
500 2800 667 2828 peccatorum
682 2797 745 2822 darc
765 2804 815 2822 non
836 2797 927 2828 potuit.
943 2797 1071 2823 Remissio
1091 2798 1187 2823 etenim
1201 2804 1260 2829 pec-

300 2845 417 2866 catorum
439 2841 461 2865 in
488 2842 543 2866 solo
563 2841 639 2866 nobis
665 2841 796 2872 baptismo
816 2840 909 2867 Christi
935 2841 1056 2867 tribuitur
1075 2844 1125 2867 etc.
1145 2841 1196 2867 Cir.
1217 2842 1261 2867 IV.

300 2887 371 2911 Sent.
390 2886 416 2911 d.
437 2886 460 2910 2.
480 2892 504 2910 a.
525 2886 548 2910 2.
569 2892 595 2916 q.
617 2886 639 2910 1.
659 2892 733 2918 seqq.

371 2928 381 2943 ⁸
403 2930 475 2955 Vers.
496 2930 537 2954 38.
551 2944 586 2949 —
599 2930 655 2955 Duo
675 2937 747 2962 seqq.
762 2930 809 2955 loci
830 2933 889 2955 sunt
902 2930 1008 2956 Zachar.
1030 2931 1076 2962 13,
1092 2932 1115 2956 1.
1129 2933 1154 2956 et
1168 2931 1261 2956 Ezech-

301 2974 349 3004 36,
370 2974 412 2999 25.

371 3017 382 3031 ⁴
403 3018 475 3043 Vers.
497 3019 519 3043 3.
540 3032 575 3036 —
593 3018 724 3048 Ambros„
744 3018 769 3043 ll.
791 3018 814 3043 in
835 3018 896 3043 Luc.
916 3025 942 3043 n.
961 3018 1009 3044 73:
1030 3019 1100 3044 Bene
1118 3025 1174 3045 voa:
1198 3018 1259 3043 dici-

302 3066 341 3087 tur
361 3062 466 3087 loannes
493 3062 574 3088 Verbi
594 3062 791 3094 praenuntius...
818 3062 879 3095 quia
901 3069 950 3087 vox
976 3063 1109 3094 praecedit
1135 3062 1259 3094 inferior,

301 3106 412 3131 verbum
432 3107 563 3138 sequitur,
582 3107 654 3139 quod
681 3107 821 3139 praecellit.
846 3106 897 3132 Csr.
922 3108 1044 3138 Gregor„
1071 3108 1088 3132 I.
1112 3107 1206 3132 Homil.
1232 3106 1258 3132 in

302 3152 399 3182 Evang.
420 3152 509 3176 homil.
527 3151 551 3176 7.
581 3158 606 3176 n.
626 3153 651 3176 2.
677 3155 702 3177 et
730 3151 818 3176 homil.
848 3152 889 3176 20.
911 3159 934 3176 n.
954 3152 979 3176 3.
1001 3151 1067 3177 Vide
1094 3152 1121 3177 S.
1145 3152 1258 3183 Bonav.,

301 3194 445 3220 Commont.
465 3196 490 3220 in
510 3196 578 3221 loan.
599 3203 621 3221 c.
643 3197 665 3221 1.
686 3203 711 3221 n.
732 3196 774 3221 52.

371 3238 382 3252 ⁶
403 3241 474 3265 Vers.
499 3240 519 3264 1.
538 3254 572 3258 -
592 3239 709 3265 Subinde
723 3240 866 3271 allegantur
887 3240 930 3265 lob
950 3240 996 3271 37,
1011 3241 1035 3266 5.
1055 3243 1080 3266 et
1100 3240 1129 3271 4;
1148 3241 1189 3266 Ps.
1210 3240 1258 3271 28,

304 3283 326 3307 3.
346 3286 371 3307 et
392 3283 458 3308 loan.
480 3284 507 3315 1,
529 3284 569 3309 23.

372 3324 383 3339 ⁶
403 3328 492 3352 Glossa
512 3327 653 3353 ordinaria
674 3328 698 3353 in
718 3329 803 3353 Metui.
825 3328 853 3360 4,
874 3328 921 3354 17ι
942 3329 1055 3359 Eadem,
1074 3336 1143 3362 quae
1162 3335 1258 3361 praeco

303 3370 435 3402 praedicat
453 3370 584 3404 [Christus
603 3372 749 3402 praedicat:
770 3372 961 3399 Paenitentiam
980 3373 1076 3406 ayite]‚
1091 3376 1119 3399 ut
1138 3373 1257 3399 ostenda-

1327 2579 1368 2602 tur
1387 2583 1440 2602 non
1453 2576 1530 2606 alius¹
1544 2583 1623 2608 quam
1638 2576 1682 2609 qui
1703 2577 1727 2601 in
1748 2583 1813 2602 voce
1826 2577 1993 2601 clamaverat.
2007 2575 2124 2602 Christus
2143 2575 2212 2600 euim
2227 2576 2289 2600 Ver·

1326 2620 1404 2651 bum,
1418 2620 1490 2653 quod
1504 2621 1597 2646 clamat
1617 2621 1641 2645 in
1657 2622 1753 2646 Ioanne
1771 2627 1870 2651 organo
1890 2623 1916 2645 et
1936 2620 1961 2645 in
1975 2619 2114 2652 omnibus,
2132 2619 2177 2652 qui
2196 2619 2230 2645 ab
2245 2620 2288 2645 ini-

1326 2666 1361 2690 tio
1381 2665 1478 2698 aliquid
1498 2665 1624 2690 divinitus
1649 2665 1786 2697 dixerunt;
1812 2668 1837 2690 et
1862 2668 1948 2690 tamen
1969 2665 2016 2690 iste
2041 2665 2112 2690 solus
2137 2671 2200 2695 vox,
2225 2664 2286 2697 quia

1327 2717 1374 2741 per
1393 2717 1454 2735 eum
1475 2716 1598 2741 praesens
1612 2709 1730 2735 Verbum
1749 2709 1905 2739 ostenditur,
1926 2708 1998 2741 quod
2025 2709 2065 2733 alii
2085 2709 2162 2740 longe
2187 2709 2287 2734 nuntia-

1326 2757 1429 2779 verunt.
1449 2755 1515 2779 Inter
1534 2754 1603 2779 enirn
1624 2760 1718 2779 vocem
1737 2757 1763 2779 et
1781 2753 1894 2779 verbum
1908 2753 1969 2778 nihil
1989 2756 2028 2778 est
2047 2752 2179 2784 medium,
2199 2753 2246 2779 sed
2260 2756 2288 2778 ut

1326 2804 1377 2823 vox
1390 2798 1491 2829 sonuit,
1511 2805 1570 2823 mox
1584 2797 1696 2823 verbum
1711 2797 1855 2830 percipitur
1869 2800 1917 2823 etc.
1940 2796 1991 2823 Csr.
2006 2797 2125 2822 paschas.
2147 2796 2286 2829 Radbert.‚

1326 2843 1351 2867 in
1371 2842 1483 2868 eundem
1504 2843 1553 2868 loc.

1396 2884 1406 2899 ⁷
1426 2887 1520 2912 Psalm.
1543 2887 1606 2919 118,
1628 2888 1676 2917 32,
1697 2890 1848 2919 postquem
1868 2887 1970 2911 Baruch
1991 2886 2020 2916 3,
2036 2886 2081 2917 13,
2101 2886 2126 2911 in
2146 2886 2221 2912 cuius
2234 2886 2286 2911 sune

1324 2937 1398 2956 nunc
1418 2931 1544 2962 Vulgata:
1565 2929 1711 2957 habitasses
1730 2930 1822 2964 utique
1841 2929 1869 2956 in
1885 2936 1952 2963 pace
1971 2929 2144 2963 sempiterna.

1396 2972 1407 2987 ⁸
1427 2975 1501 3000 Vers.
1523 2975 1563 3000 11.
1587 2981 1641 3008 seq.
1655 2989 1690 2994 —
1703 2974 1819 3000 Subinde
1842 2974 1987 3006 allegantur
2012 2974 2066 3000 lsai.
2093 2975 2140 3007 26,
2157 2974 2182 3000 7.
2201 2978 2227 3001 et
2246 2975 2286 3000 Ps.

1327 3019 1390 3049 118,
1410 3019 1458 3043 35;
1478 3018 1568 3045 Deduc
1587 3026 1629 3045 me
1648 3018 1677 3045 in
1694 3017 1818 3045 semitam
1838 3021 1887 3043 etc.
1908 3018 1966 3043 Vat.
1985 3017 2058 3043 addit
2071 3018 2147 3044 Prov.
2169 3019 2197 3049 3,
2218 3019 2242 3044 6.
2261 3021 2286 3044 et

1326 3062 1368 3088 17.
1387 3062 1495 3088 demum
1515 3063 1556 3089 Ps.
1578 3062 1625 3095 24,
1646 3062 1670 3088 4.

1395 3104 1406 3120 ⁹
1427 3107 1499 3133 Vers.
1525 3108 1545 3133 l.
1558 3122 1593 3126 —
1607 3108 1724 3140 Quatuor
1742 3113 1817 3139 seqq.
1831 3106 1878 3132 loci
1899 3110 1959 3133 sunt
1972 3106 2013 3132 Ps.
2027 3107 2074 3138 24,
2093 3108 2140 3139 21;
2160 3107 2241 3132 Eccle.
2255 3106 2285 3138 7,

1325 3151 1371 3181 30;
1391 3150 1463 3177 Cant.
1484 3152 1514 3184 1,
1534 3152 1560 3177 3.
1579 3154 1604 3177 et
1625 3152 1664 3177 ΡΞ.
1683 3152 1732 3183 72,
1755 3152 1778 3177 1.

1396 3194 1417 3209 ¹⁰
1438 3196 1512 3221 Vers.
1532 3197 1557 3221 8.
1579 3203 1633 3229 seq.
1653 3209 1688 3215 —
1709 3194 1827 3220 Subinde
1851 3195 1994 3227 allegantur
2019 3196 2095 3221 Prov.
2122 3195 2168 3226 20,
2199 3196 2241 3221 11.
2260 3198 2287 3220 et

1323 3239 1367 3265 lob
1387 3241 1417 3272 8,
1439 3241 1466 3266 6.

1395 3284 1414 3298 ¹¹
1437 3285 1510 3310 Vers.
1530 3285 1554 3310 7.
1575 3299 1610 3304 —
1629 3285 1753 3317 Sequitur
1773 3285 1849 3310 Prov.
1872 3285 1919 3317 11,
1939 3285 1963 3310 6.

1395 3328 1416 3344 ²²
1435 3328 1504 3355 Libr.
1525 3330 1566 3355 IV.
1581 3329 1614 3355 de
1627 3328 1711 3355 Finib.
1727 3328 1820 3354 honor.
1833 3332 1858 3354 et
1872 3329 1963 3354 mator.
1974 3335 1996 3354 c.
2011 3329 2059 3354 23:
2077 3328 2164 3353 Animi
2183 3327 2284 3353 affectio

1323 3381 1400 3399 suum
1420 3373 1515 3406 cuique
1529 3373 1670 3400 tribuens...
1690 3373 1786 3399 iustitia
1801 3372 1904 3399 dicitur.
1923 3372 1976 3399 Cir.
1989 3372 2135 3403 Iustiniani„
2155 3373 2172 3398 1.
2186 3372 2283 3403 Digest.
