2476 3921
41 862 169 895 nect-inditur

17 903 18 908 ,
50 895 105 920 ,ἕως
119 895 158 916 per

79 918 127 938 tria.

783 176 977 210 COMMENT.
1003 176 1041 210 lN
1063 176 1303 210 EVANGELIUM
1327 177 1444 210 LUCAE
1469 177 1500 211 C.
1526 178 1586 211 Xll.
2118 181 2177 214 331

189 271 355 302 conterens
389 270 511 310 petram
539 269 580 299 w?
611 266 702 306 Item,
738 265 945 309 infundendo
975 265 1154 308 9ratiam;

189 321 424 355 Deuteronomii
456 324 570 363 quarto
588 321 614 352 ¹:
652 332 668 349 α
692 320 736 353 De
767 319 855 352 caelo
885 322 916 352 te
939 318 1012 353 fecit
1040 319 1154 352 audire

189 384 296 409 vocem
321 383 411 408 suam
442 377 474 407 et
504 373 536 406 in
561 375 646 406 terra
668 372 804 406 ostendit
834 372 890 405 tibi
922 372 1026 414 ignem
1058 380 1154 405 suum

188 428 364 462 maximum
381 440 412 460 n.
439 427 532 466 ltem,
556 425 800 468 inflammando
816 426 863 459 ad
886 425 1073 464 iustitiam;
1098 425 1153 458 Ec-

188 480 352 516 clesiastici
382 479 623 523 quadragesimo
653 482 764 512 octavo
781 479 815 518 ‚²³2
853 491 869 507 α
894 479 1043 512 Surrexit
1073 479 1154 512 Elias

189 534 278 579 quasi
310 533 442 577 ignis»;
466 533 566 573 unde,
591 533 667 575 quia
689 532 721 565 in
745 532 823 575 ipso
845 535 914 565 erat
944 532 1025 575 ignis
1055 532 1153 567 divini

189 588 265 628 zeli,
288 587 327 621 de
357 596 422 630 quo
453 586 629 629 sophoniae
661 586 772 619 tertio:
802 598 818 614 α
843 586 875 618 ln
899 585 971 628 igne
1002 585 1060 618 zeli
1091 586 1153 619 mei

187 641 392 676 devorabitur
419 640 522 673 omnis
546 643 633 673 terra
656 651 691 679 »;
715 639 786 672 ideo
809 639 924 672 merito
954 639 993 672 ad
1016 639 1152 673 verbum

187 695 288 738 ipsius
310 693 391 737 ignis
413 693 452 727 de
475 693 562 727 caelo
585 692 747 726 descendit
769 695 800 726 et
824 701 921 735 super
945 693 1152 732 sacrificium,

188 748 272 782 tertii
290 748 407 790 Regum
432 746 554 780 decimo
569 749 694 786 octavo,
711 749 743 779 et
758 755 855 788 super
871 746 1045 789 principem
1063 746 1153 789 quin·

188 801 435 845 quagenarium,
459 799 565 843 quarti
599 800 716 842 Regum
742 799 859 841 primo:
889 813 904 828 «
922 800 953 832 Si
977 799 1072 832 homo
1095 800 1151 833 Dei

187 864 277 895 sum,
301 854 469 888 descendat
491 853 572 896 ignis
595 853 635 886 de
657 853 744 886 caelo
760 867 776 883 »
804 856 863 886 etc.
881 872 926 877 —
942 853 979 886 Et
1001 853 1151 896 quoniam

187 908 239 942 hic
262 908 343 951 ignis
365 908 486 941 frustra
506 907 659 947 mittitur,
682 907 742 940 nisi
759 907 964 947 accendatur;
990 907 1059 940 ideo
1076 907 1151 940 sub-

186 961 246 995 dit:
269 963 309 994 Et
331 961 413 1005 quid
428 961 516 1001 volo,
540 960 609 993 nisi
625 964 662 993 ut
677 960 907 993 accendatur?
923 961 1011 993 Hunc
1035 970 1150 994 accen-

185 1017 237 1050 dit
258 1015 427 1050 meditatio
452 1014 684 1057 beneficiorum
697 1014 947 1056 praesentium
964 1014 1106 1048 Psalmus
1118 1015 1148 1048 ⁸:

190 1083 207 1100 «
220 1069 381 1103 Concaluit
397 1078 451 1102 cor
467 1077 574 1101 meum
595 1067 678 1100 intra
693 1077 753 1107 me,
767 1070 798 1100 et
814 1067 845 1100 in
862 1068 1064 1102 meditatione
1080 1078 1150 1102 mea

185 1123 371 1157 exardescet
390 1122 470 1164 ignis
487 1134 521 1161 »ς
543 1124 574 1154 et
594 1121 676 1154 infra
700 1120 825 1154 ultimo:
853 1134 868 1150 α
884 1121 991 1154 Nonne
1015 1130 1070 1154 cor
1094 1132 1149 1155 no-

184 1180 287 1210 strum
311 1176 426 1209 ardens
448 1175 564 1208 eratin
587 1174 706 1208 nobis»
727 1178 786 1208 etc.
804 1175 893 1214 Item,
917 1176 1149 1209 rememoratio

179 1229 460 1272 praetentorum,-
485 1227 610 1261 Levitici
627 1228 759 1260 sext04:
787 1240 802 1256 «
818 1227 900 1269 Ignis
915 1227 947 1260 in
971 1228 1062 1260 altari
1080 1237 1149 1262 meo

184 1291 310 1325 semper
340 1281 481 1321 ardebit,
514 1289 609 1323 quem
634 1281 755 1313 nutriet
786 1280 946 1320 sacerdos,
979 1281 1149 1316 subiiciens

183 1336 268 1378 ligna
290 1344 382 1368 mane
405 1337 437 1367 et
459 1343 517 1377 per
533 1334 674 1376 singulos
696 1333 763 1367 dies
779 1347 795 1363 n
815 1337 874 1367 etc.
892 1334 984 1374 Item,
996 1344 1149 1377 praeme-

183 1389 302 1423 ditatio
320 1387 521 1431 futurorum
534 1386 798 1429 promissorum
823 1387 1066 1432 Proverbiorum
1091 1389 1148 1422 tri-

183 1442 316 1486 gesimo:
343 1454 359 1470 «r
376 1440 486 1474 Omnis
501 1449 606 1474 sermo
622 1440 676 1473 Dei
693 1440 812 1483 ignitus
835 1441 965 1484 clypeus
981 1445 1028 1475 est
1043 1442 1149 1488 ,omnis

183 1495 244 1528 bus
267 1494 468 1537 sperantibus
491 1493 523 1526 in
547 1502 580 1527 se
597 1507 627 1526 n.

273 1550 326 1582 71.
351 1548 453 1591 (Vers.
479 1547 556 1590 50.).
581 1547 725 1581 Secundo
740 1551 896 1590 quantum
915 1548 954 1581 ad
973 1547 1146 1591 perfectio-

11 1615 123 1640 ‚secunam
137 1615 165 1637 a·
183 1612 258 1636 nem
282 1602 421 1636 remedii
438 1602 610 1645 passioni?
627 1601 793 1635 subditur:
817 1602 991 1646 Baptismo
1008 1608 1118 1636 autem
1133 1603 1146 1624 ⁵

35 1642 148 1697 ffissffii‘s'.
184 1656 285 1692 liabeo
317 1655 499 1699 baptizari.
532 1655 627 1695 Nota,
656 1655 741 1698 quod
764 1656 868 1698 passio
890 1656 1006 1690 Christi
1030 1657 1147 1691 dicitur

183 1710 384 1753 baptismus,
409 1709 485 1752 quia
507 1709 539 1742 in
563 1709 632 1742 eius
655 1709 807 1751 sanguine
831 1710 1040 1752 purificamur
1055 1712 1146 1754 quasi

184 1764 214 1796 in
245 1763 371 1796 lavacro
401 1762 598 1805 baptismali;
630 1763 830 1805 Apocalypsis
861 1763 1039 1806 septimo⁶:
1069 1778 1085 1793 α
1111 1765 1145 1798 Hi

182 1820 274 1856 suut,
305 1816 360 1859 qui
395 1819 553 1850 venerunt
582 1825 625 1849 ex
656 1825 771 1859 magna
805 1816 1008 1851 tribulatione
1039 1821 1071 1851 et
1102 1819 1147 1851 la-

182 1873 299 1904 verunt
319 1870 414 1903 stolas
444 1878 518 1903 suas
534 1870 567 1902 in
591 1871 743 1913 sanguine
766 1870 842 1913 Agni
858 1883 894 1910 »;
919 1871 1003 1904 unde
1030 1872 1069 1905 ad
1090 1872 1147 1905 He-

181 1924 294 1957 braeos
317 1932 417 1956 nono:
447 1935 463 1952 α
479 1923 509 1956 Si
533 1923 662 1966 sanguis
685 1924 850 1957 hircorum
870 1928 902 1958 et
925 1928 1091 1959 taurorum
1116 1930 1147 1960 et

182 1977 261 2011 cinis
276 1976 393 2010 vitulae
415 1985 565 2018 aspersus
580 1976 761 2019 inquinatos
784 1978 958 2012 sanctificat
974 1979 1012 2012 ad
1036 1989 1148 2013 emun-

181 2030 338 2068 dationem
354 2029 473 2069 carnis;
498 2033 617 2072 quanto
633 2031 732 2074 magis
755 2032 883 2074 sanguis
898 2032 1015 2066 Christi
1036 2042 1148 2067 emun-

182 2084 268 2118 dabit
284 2082 504 2116 conscientiam
525 2087 665 2117 nostram
682 2098 699 2113 »
724 2088 783 2118 etc.
800 2086 862 2119 Hoc
885 2086 1073 2129 baptismate
1089 2089 1149 2122 suit

182 2137 328 2171 Christus
349 2136 540 2178 baptizatus,
564 2136 640 2179 quia
656 2139 757 2170 totum
781 2147 898 2181 corpus
918 2140 987 2173 eius
1011 2141 1071 2174 suit
1088 2141 1148 2174 hoc

183 2189 335 2232 sanguine
370 2188 592 2228 rubricatum
629 2189 725 2223 Isaiae
763 2192 961 2234 sexagesimo
997 2193 1091 2227 tertio
1112 2194 1146 2227 ⁷:

187 2256 204 2273 tt
220 2242 298 2285 Quis
321 2244 369 2275 est
395 2241 454 2275 iste
480 2242 536 2284 qui
564 2242 651 2275 venit
676 2242 716 2276 de
732 2242 846 2284 Edem,
874 2245 980 2279 tinctis
1007 2247 1149 2280 vestibus

182 2296 221 2329 de
248 2296 344 2329 Bosra
362 2298 406 2328 »t
429 2298 461 2328 et
484 2298 571 2338 post:
602 2308 618 2324 «κ
641 2295 746 2337 Quare
769 2304 846 2340 ergo
868 2298 1005 2332 rubrum
1030 2302 1078 2333 est
1101 2300 1149 2332 in-

183 2349 371 2382 dumentum
395 2351 502 2388 tuum,
519 2351 551 2381 et
575 2349 760 2382 vestimenta
782 2353 838 2383 tua
853 2351 935 2384 sicut
959 2352 1147 2386 calcantium

33 2417 165 2444 Qum-epas-
184 2403 215 2436 in
247 2402 397 2436 torculari
414 2415 430 2432 n
459 2405 517 2435 etc.
543 2420 587 2427 —-
615 2402 651 2435 Et
673 2405 764 2442 nota,
789 2404 874 2446 quod
905 2405 1008 2447 passio
1031 2405 1148 2440 Christi

8 2443 169 2518 Jffi‘ssssffi‘ss'-
184 2459 386 2499 comparatur
417 2455 596 2498 baptismo,
621 2456 703 2489 sicut
734 2456 800 2496 hic,
823 2457 899 2499 quia
929 2458 989 2491 suit
1014 2459 1148 2493 aniver—

7 2511 15 2527 s*
49 2503 65 2518 8.

183 2510 286 2549 salis,·
310 2509 491 2543 Psalmus⁸z
514 2522 531 2539 «κ
547 2509 663 2543 Omnes
686 2510 805 2543 fluctus
827 2514 899 2544 tuos
922 2511 1076 2545 induxisti
1094 2522 1147 2546 su-

185 2572 242 2606 per
265 2571 316 2596 me
332 2576 362 2595 υ.
377 2563 506 2596 -Item
531 2565 734 2605 comparatur
757 2563 856 2596 calici
862 2575 874 2602 ,·
890 2563 1036 2596 Matthaei
1061 2564 1145 2607 vige-

258 2737 265 2751 ¹
286 2738 361 2765 Vers.
382 2740 425 2765 36.

254 2780 265 2796 ²
285 2783 360 2809 Vers.
380 2784 405 2809 1.
422 2797 459 2803 -
478 2783 596 2810 Subinde
615 2785 760 2817 alleguntur
780 2785 861 2817 Soph.
880 2785 911 2816 3,
925 2786 955 2816 8;
968 2785 1007 2810 lll.
1020 2784 1085 2816 fleg.
1100 2785 1146 2815 18,

187 2827 231 2852 38.
249 2829 275 2852 et
293 2827 334 2853 lV.
354 2828 420 2860 Reg.
443 2829 473 2859 1,
494 2829 537 2854 10.

255 2869 266 2885 ⁸
285 2872 378 2898 Psalm.
398 2873 447 2904 38,
467 2873 497 2906 4,
517 2877 542 2899 et
561 2874 658 2900 deinde
676 2875 738 2901 Luc.
759 2874 807 2907 24,
828 2876 873 2901 32.

254 2914 267 2929 ⁴
286 2916 360 2942 Ver-s.
381 2916 423 2942 12.
442 2931 478 2937 -
497 2919 621 2952 Sequitur
640 2920 718 2945 prov.
737 2920 786 2951 30,
807 2921 832 2946 5.

255 2958 267 2973 ⁵
285 2960 404 2986 Nonnulli
424 2962 516 2993 codd„
536 2966 565 2988 ut
582 2963 678 2996 CDG,
697 2964 820 2990 omittunt
838 2966 937 2991 autem.

255 3001 267 3016 ⁶
287 3004 361 3029 Vers.
381 3004 427 3035 tt,
448 3009 508 3043 post
527 3013 607 3039 quern
621 3006 700 3033 Ilebr.
719 3009 751 3039 9,
772 3008 813 3034 13.
833 3015 890 3042 seq.
912 3022 947 3027 -—
965 3009 1050 3041 Beda,
1064 3008 1106 3034 tv.
1120 3008 1146 3034 in

184 3048 248 3073 Luc.
270 3047 318 3078 12,
338 3047 389 3073 50:
411 3048 548 3082 Baptismo
566 3043 658 3086 autem
670 3050 754 3078 habeo
772 3051 910 3086 baptizari
917 3062 928 3085 ‚·
948 3053 1098 3085 sanguinis,
1111 3053 1146 3078 in-

185 3091 255 3124 quit,
274 3091 375 3123 proprii
393 3092 518 3119 tinctione
538 3094 612 3125 prius
631 3094 716 3121 habeo
734 3096 872 3129 perfundi,
891 3100 917 3123 et
935 3097 972 3123 sic
990 3097 1071 3123 corda
1091 3104 1147 3123 cre-

184 3135 303 3161 dentium
323 3135 430 3167 spiritus
449 3136 525 3168 igne,
544 3144 598 3170 quo
625 3141 726 3164 terrena
755 3141 842 3165 omnia
869 3141 948 3167 simul
976 3144 1002 3167 et
1029 3142 1145 3168 animam

185 3186 260 3205 suam
280 3179 430 3212 despicere,
450 3180 532 3207 immo
551 3181 626 3207 odire
644 3186 755 3216 queant,
775 3184 939 3211 inflammare
957 3189 1007 3212 etc.

256 3221 266 3237 '¹
286 3223 361 3249 Vers.
382 3224 405 3249 1.
425 3227 451 3250 et
469 3225 495 3251 2.

258 3267 270 3285 ⁸
286 3268 378 3294 Psalm.
399 3268 447 3300 87,
467 3270 492 3295 8.
985 3285 987 3288 ⁴

257 3309 270 3326 ⁹
289 3312 361 3338 vers.
380 3312 430 3344 39,
449 3316 509 3345 post
527 3320 607 3346 quem
628 3315 674 3346 20,
695 3316 736 3341 22.
983 3316 1006 3331 ¹⁰
1025 3318 1101 3345 Vers.
1120 3319 1144 3344 3.

259 3354 281 3371 ¹¹
301 3356 376 3383 Vers.
396 3356 426 3390 4;
446 3358 493 3383 cfr.
513 3357 648 3392 Ambros.,
668 3359 719 3385 Vll.
740 3359 765 3386 in
784 3360 847 3386 Luc.
868 3361 909 3387 ·l2.
930 3368 957 3387 n.
982 3362 1037 3389 133.

1218 265 1297 298 simo
1320 266 1455 299 sexto⁹:
1485 280 1500 295 α
1519 267 1618 306 Pater,
1642 268 1667 300 si
1692 268 1760 301 fieri
1786 272 1904 311 potest,
1929 272 2067 302 transeat
2090 278 2109 302 a
2131 279 2182 302 me

1218 319 1302 351 calix
1332 319 1391 352 iste
1414 333 1451 358 a»,
1483 321 1558 362 quia
1588 321 1802 360 voluntaria;
1833 322 1978 355 Matthaei
2011 323 2181 365 vigesimo:

1224 385 1240 401 α
1257 372 1386 405 Potestis
1406 373 1514 406 bibere
1531 373 1673 413 calicem,
1691 383 1785 416 quem
1807 384 1864 417 ego
1881 375 2040 408 bibiturus
2057 384 2127 409 sum
2141 379 2182 408 n?

1217 445 1262 449 ——
1290 425 1385 465 Item,
1410 427 1485 468 quia
1516 427 1733 460 acerbissima
1765 431 1796 460 et
1827 429 1950 470 gravis,
1979 432 2181 471 comparatur

1219 479 1400 518 torcalari5
1424 479 1519 514 Isaiae
1535 481 1731 522 sexagesimo
1748 481 1841 514 tertio
1854 482 1894 514 ¹⁰:
1918 495 1933 511 α
1950 483 2102 515 Torcular
2119 483 2182 515 cal-

1218 532 1285 566 cavi
1309 533 1414 572 solus,
1438 535 1470 566 et
1492 533 1531 566 de
1554 533 1700 575 gentibus
1724 543 1786 566 non
1810 538 1858 567 est
1881 535 1930 567 vir
1955 544 2078 568 mecum
2097 549 2127 567 „.

1308 587 1360 619 72.
1387 586 1448 619 Hoc
1472 595 1548 628 ergo
1571 586 1727 628 baptismo
1745 586 1891 620 Christus
1914 588 2091 629 baptizatus
2114 592 2180 628 est,

1217 649 1280 672 non
1311 649 1370 682 pro
1393 639 1564 682 indigentia
1588 640 1798 679 necessitatis,
1823 640 1877 673 sed
1908 650 1966 683 pro
1990 642 2182 675 abundantia

1217 693 1374 732 caritatis;
1399 693 1468 726 ideo
1491 693 1614 726 subdit:
1641 694 1680 726 Et
1703 694 1865 737 quomodo
1882 699 2053 733 coarctor,·
2085 705 2181 728 coar-

1216 751 1288 779 ctor
1312 746 1430 779 scilicet
1461 755 1518 789 per
1542 756 1705 787 amorem,
1740 747 1794 789 qui
1820 747 1915 780 habet
1946 748 2050 781 cordis
2081 749 2180 781 domi-

1215 799 1322 839 nium;
1346 800 1385 832 ad
1410 800 1560 842 Ephesios
1583 801 1722 833 secundo
1735 802 1779 833 ¹¹:
1807 814 1822 830 α
1841 801 1941 840 Deus,
1959 802 2012 844 qui
2030 802 2118 835 dives
2134 807 2181 835 est

1215 853 1246 886 in
1263 853 1493 893 misericordia,
1510 857 1640 896 propter
1657 854 1786 887 nimiam
1803 855 1965 888 caritatem
1983 864 2072 888 suain
2086 868 2101 885 n
2120 860 2179 889 etc.

1215 924 1257 930 —
1275 907 1312 939 Et
1326 910 1418 946 nota,
1443 907 1528 949 quod
1552 916 1642 940 amor
1666 912 1815 941 coarctat
1838 918 1897 951 per
1918 909 2109 942 violentiam
2130 915 2180 942 at-

1215 962 1412 1000 tractivam3
1438 960 1559 994 loannis
1583 961 1676 994 tertio
1690 961 1731 994 ¹2:
1761 975 1776 991 α
1794 962 1842 995 Sic
1859 962 1944 995 Deus
1959 962 2070 996 dilexit
2087 973 2179 997 mun-

1213 1013 1308 1053 dum,
1333 1017 1369 1047 ut
1392 1014 1503 1047 Filium
1528 1023 1623 1048 suum
1641 1015 1839 1058 unigenitum
1864 1016 1952 1050 daret
1970 1029 2005 1056 ¹²3
2031 1017 2178 1051 leremiae

1214 1068 1374 1110 trigesimo
1405 1068 1526 1110 primo:
1560 1082 1575 1098 α
1593 1069 1625 1101 ln
1654 1069 1784 1102 caritate
1816 1073 1969 1112 perpetua
2000 1070 2097 1104 dilexi
2130 1076 2178 1111 te,

1213 1121 1282 1154 ideo
1298 1122 1416 1154 attraxi
1442 1126 1472 1155 te
1495 1123 1650 1156 miserans
1675 1123 1719 1156 tui
1738 1137 1754 1152 »
1793 1124 1880 1157 Unde
1904 1125 2053 1167 llug0¹³z
2084 1139 2099 1154 «
2116 1126 2177 1158 Illa-

1212 1185 1306 1218 gnam
1331 1176 1393 1208 vim
1420 1176 1534 1216 habes,
1559 1177 1691 1210 caritas:
1719 1181 1753 1210 tu
1778 1178 1843 1210 sola
1861 1178 1960 1211 Deum
1979 1180 2105 1212 trahere
2122 1189 2175 1222 po—

1213 1229 1300 1262 tuisti
1331 1229 1370 1262 de
1402 1229 1488 1263 caelo
1518 1230 1557 1263 ad
1588 1234 1700 1263 terras.
1732 1230 1758 1263 O
1787 1240 1883 1273 quam
1908 1231 1989 1265 sorte
2014 1232 2177 1266 vinculum

1212 1285 1322 1320 tuum,
1347 1291 1412 1324 quo
1434 1286 1466 1315 et
1490 1283 1574 1316 Deus
1598 1283 1688 1325 ligari
1713 1284 1816 1325 potuit
1838 1287 1871 1317 et
1895 1285 1954 1318 hoc
1978 1285 2092 1327 ligatus
2109 1286 2177 1318 vin-

1212 1335 1284 1368 cula
1299 1335 1475 1378 iniquitatis
1490 1336 1668 1370 destruxit!
1686 1337 1812 1376 Nescio,
1829 1338 1905 1380 quid
1922 1338 2025 1372 maius
2042 1339 2072 1372 in
2090 1342 2176 1372 tuam

1212 1387 1337 1421 laudem
1360 1388 1466 1422 dicere
1489 1398 1638 1431 possum,
1670 1399 1765 1432 quam
1790 1390 1875 1433 quod
1903 1391 2003 1424 Deum
2028 1391 2068 1425 de
2091 1392 2177 1425 caelo

1212 1441 1374 1481 traheres,
1398 1444 1431 1475 et
1453 1442 1613 1476 hominem
1637 1442 1676 1476 de
1700 1447 1786 1476 terra
1801 1444 1839 1476 ad
1861 1444 1984 1477 caelum
2007 1444 2130 1479 levares
2145 1460 2176 1478 ι».

1211 1494 1297 1528 Unde
1318 1494 1398 1528 Osee
1412 1495 1580 1529 undecimo
1594 1496 1642 1528 ¹⁴:
1673 1509 1689 1525 «ι
1705 1497 1738 1529 ln
1762 1497 1911 1530 funiculis
1934 1497 2030 1530 Adam
2053 1499 2177 1532 traham

1211 1557 1281 1588 eos,
1299 1548 1331 1581 in
1347 1549 1482 1582 vinculis
1497 1550 1637 1583 caritatis
1653 1563 1683 1583 »,
1701 1569 1743 1574 -
1760 1551 1835 1583 Item
1846 1576 1854 1590 ,
1875 1551 1997 1584 dilatat
2009 1561 2072 1594 per
2088 1552 2178 1586 bene-

1210 1601 1387 1635 volentiam
1402 1601 1618 1646 diffusivam:
1634 1603 1796 1637 Psalmus:
1825 1617 1842 1633 α
1859 1604 1970 1637 Latum
1994 1605 2178 1639 mandatum

1210 1658 1302 1688 tuum
1327 1655 1422 1688 nimis
1439 1668 1470 1694 »;
1494 1656 1650 1690 secundae
1673 1656 1711 1689 ad
1735 1657 1914 1691 Corinthios
1942 1662 2055 1691 sexto:
2086 1672 2102 1688 α
2117 1659 2178 1692 Οοι·

1210 1713 1356 1742 nostrum
1386 1708 1551 1743 dilatatum
1583 1714 1631 1743 est
1647 1724 1677 1743 ιι.
1702 1730 1747 1734 -
1772 1711 1885 1744 Elevat
1906 1721 1967 1754 per
1994 1711 2177 1745 adhaeren-

1211 1763 1291 1796 tiam
1302 1764 1522 1802 excessivam·
1533 1763 1735 1797 Canticorum
1747 1764 1859 1797 ultimo
1869 1765 1910 1797 ¹⁶:
1926 1779 1942 1794 α
1951 1766 2036 1807 Quae
2049 1769 2096 1799 est
2108 1766 2177 1806 ista,

1211 1825 1293 1859 quae
1315 1816 1455 1849 ascendit
1478 1816 1516 1849 de
1539 1816 1683 1856 deserto,
1708 1817 1827 1851 deliciis
1851 1818 1985 1851 affluens
2001 1822 2037 1851 »ἵ
2055 1819 2177 1853 Ioannis

1211 1872 1346 1912 quarto:
1376 1882 1392 1899 α
1409 1869 1469 1911 Qui
1493 1869 1626 1910 biberit,
1651 1870 1705 1903 fiet
1728 1870 1761 1903 iu
1784 1879 1822 1904 eo
1846 1871 1916 1904 sons
1938 1880 2040 1914 aquae
2063 1872 2177 1906 salien-

1211 1924 1257 1957 tis‘
1274 1924 1305 1956 in
1331 1923 1427 1957 vitam
1450 1927 1611 1957 aeternam
1628 1937 1658 1956 n.
1680 1942 1721 1947 --
1741 1924 1885 1957 Inclinat
1904 1934 1967 1967 per
1982 1926 2175 1967 condescen-

1212 1977 1359 2010 dentiam
1381 1977 1612 2020 diqnativam;
1635 1977 1675 2010 ad
1698 1976 1821 2010 Galatas
1852 1977 1991 2011 secundo
2005 1978 2052 2011 ²⁶:
2081 1991 2098 2008 α
2114 1979 2174 2021 Qui

1211 2031 1322 2064 dilexit
1336 2039 1388 2064 me
1403 2034 1435 2064 et
1451 2030 1578 2063 tradidit
1601 2030 1805 2073 semetipsum
1830 2040 1888 2073 pro
1910 2040 1961 2065 me
1978 2045 2008 2064 ι.
2034 2049 2076 2056 -
2101 2032 2175 2065 Pro-

1212 2089 1283 2127 pter
1306 2085 1366 2118 ista
1389 2088 1528 2127 quatuor
1557 2084 1597 2117 ad
1630 2084 1779 2127 Ephesios
1810 2084 1925 2117 tertio:
1953 2098 1971 2114 «ι
1988 2085 2020 2118 ln
2044 2086 2175 2119 caritate

1212 2137 1342 2171 radicati
1365 2141 1397 2171 et
1420 2137 1558 2177 fundati,
1582 2140 1619 2170 ut
1642 2136 1768 2180 possitis
1799 2138 2068 2180 comprehendere
2100 2148 2174 2172 cum

1211 2192 1360 2225 omnibus
1383 2191 1503 2225 Sanctis
1520 2205 1536 2221 ιι
1563 2195 1622 2225 etc.
1647 2209 1691 2216 -
1713 2191 1750 2224 Et
1773 2191 1922 2233 quoniam
1950 2192 2026 2225 haec
2058 2192 2174 2225 caritas

1211 2250 1337 2279 ostensa
1359 2245 1419 2279 fuit
1442 2245 1473 2279 in
1497 2245 1641 2288 passione
1663 2245 1819 2287 perfecte,
1843 2244 1912 2278 ideo
1933 2244 2031 2278 dicit:
2053 2245 2174 2288 Usque-

1213 2299 1295 2332 dum
1314 2299 1528 2342 perficiatur,
1552 2299 1669 2332 scilicet
1685 2298 1716 2331 in
1733 2297 1885 2331 effusione
1900 2298 2078 2341 sanguinis;
2095 2299 2174 2341 Apo-

1212 2354 1347 2396 calypsis
1369 2353 1473 2397 primo
1486 2353 1534 2386 ¹⁷:
1563 2365 1579 2382 «
1595 2352 1712 2386 Dilexit
1736 2360 1792 2385 nos
1816 2355 1848 2385 et
1867 2352 1942 2384 lavit
1958 2360 2015 2385 nos
2030 2361 2050 2385 a
2064 2360 2174 2394 pecca-

1212 2407 1252 2440 tis
1275 2407 1392 2440 nostris
1414 2407 1447 2440 iu
1470 2406 1622 2449 sanguine
1645 2415 1704 2439 suo
1720 2418 1751 2445 »;
1776 2408 1808 2438 et
1829 2405 1951 2447 primae
1971 2405 2093 2439 loannis
2109 2409 2174 2439 ter-

1212 2460 1276 2492 tio:
1307 2472 1323 2488 nr
1339 2460 1371 2492 ln
1397 2460 1456 2493 hoc
1488 2459 1692 2502 cognovimus
1722 2459 1884 2492 caritatem
1916 2458 1991 2498 Dei,
2024 2459 2173 2501 quoniam

1212 2513 1264 2546 ille
1287 2521 1346 2555 pro
1369 2513 1459 2546 nobis
1488 2514 1624 2546 animam
1650 2522 1739 2546 suam
1764 2512 1917 2555 posuit».
1944 2512 1978 2545 Et
2002 2512 2062 2545 hoc
2085 2515 2171 2551 erat,

1213 2565 1298 2608 quod
1310 2566 1456 2599 Christus
1469 2566 1500 2598 in
1514 2575 1609 2599 cruce
1621 2566 1745 2599 sitiebat
1755 2579 1762 2605 ;
1774 2566 1894 2599 loannis
1902 2565 2023 2599 decimo
2035 2575 2117 2598 nono
2129 2565 2171 2597 ¹⁸:

1283 2739 1305 2755 ¹²
1325 2741 1400 2767 Vers.
1421 2742 1468 2771 16,
1487 2742 1530 2767 cui
1549 2740 1717 2774 subiungitur
1736 2743 1782 2768 ler.
1802 2743 1850 2773 31,
1870 2743 1895 2768 3.

1283 2783 1306 2799 ¹⁸
1325 2785 1363 2810 De
1382 2786 1471 2811 Laude
1489 2786 1612 2813 caritatis.
1626 2788 1675 2812 Pro
1688 2788 1712 2813 et
1731 2787 1782 2813 hoc
1801 2787 1902 2820 limitas
1921 2786 2028 2814 vincula
2047 2786 2173 2821 iniqm'ta-

1211 2829 1245 2855 tis
1263 2828 1401 2855 destruant
1419 2833 1503 2856 textus
1522 2831 1699 2864 originalissst
1717 2831 1797 2858 homo
1811 2831 1913 2866 ligatus
1926 2831 2035 2858 vincula
2048 2831 2173 2866 iniquila-

1211 2872 1243 2899 tis
1263 2872 1386 2906 dis-rupit.
1407 2873 1456 2898 l‘ro
1476 2872 1499 2899 Ο
1517 2881 1600 2907 quam
1619 2875 1689 2908 sorta
1709 2876 1754 2905 (ita
1773 2876 1795 2901 H
1814 2883 1875 2902 cum
1896 2879 1965 2901 textu
1985 2876 2115 2908 originali)
2130 2877 2172 2902 alii

1211 2918 1288 2943 codd.
1307 2920 1332 2942 ct
1353 2917 1409 2943 Vat.
1427 2924 1511 2951 aeque
1528 2918 1611 2951 forte,
1631 2922 1655 2945 et
1674 2919 1788 2946 subinde
1805 2921 1865 2946 voci
1887 2921 1971 2947 Deum
1990 2921 2069 2947 codd.
2081 2922 2173 2954 praelt-

1212 2965 1277 2995 gunt
1295 2961 1439 2988 hominem.
2003 2978 2006 2982 ι

1282 3004 1305 3020 ¹⁴
1325 3005 1398 3031 Vers.
1419 3004 1444 3030 t.
1462 3018 1499 3024 ·-—
1517 3006 1574 3031 Duo
1598 3013 1674 3039 seqq.
1699 3007 1749 3032 loci
1777 3011 1839 3033 sunt
1867 3009 1906 3034 Ps.
1936 3010 2002 3041 118,
2022 3010 2065 3035 96.
2092 3013 2117 3035 ct
2146 3010 2172 3035 ll.

1210 3051 1269 3078 Cor.
1289 3051 1319 3081 6,
1341 3050 1381 3075 1-1.
1659 3055 1661 3057 ·

1282 3093 1304 3109 ¹⁶
1324 3095 1398 3120 Vei-s.
1420 3094 1451 3126 5,
1471 3097 1529 3126 post
1548 3101 1627 3127 quem
1649 3095 1716 3120 loan.
1737 3095 1767 3127 4,
1788 3096 1830 3122 13.
1849 3103 1906 3129 seq.

1282 3138 1304 3154 ¹⁶
1325 3140 1399 3165 Vers.
1417 3140 1459 3164 20.
1478 3152 1514 3158 -
1533 3138 1651 3164 Subinde
1669 3139 1795 3171 allegatur
1814 3140 1878 3172 Eph.
1897 3141 1927 3172 3,
1948 3140 1990 3166 17.
2009 3148 2065 3174 ςοᾳ

1282 3183 1303 3199 ¹⁷
1324 3185 1399 3209 Vei-s.
1418 3184 1448 3214 ὅ,
1467 3184 1509 3208 cui
1528 3182 1691 3209 subnectitur
1712 3184 1727 3208 Ι.
1747 3185 1816 3209 ioan.
1837 3186 1867 3214 3,
1884 3185 1930 3209 16.
1942 3185 2079 3211 —Glossn
2093 3185 2171 3212 inter-

1211 3229 1340 3256 zitwar-is:
1362 3229 1450 3262 Usque
1468 3227 1533 3253 dum
1549 3227 1724 3262 perficiatur,
1744 3228 1801 3259 ipsa
1823 3229 1918 3261 passio.

1282 3273 1305 3288 ¹¹³
1323 3274 1396 3300 Vers.
1427 3273 1468 3298 28.
1494 3275 1520 3298 et
1544 3273 1586 3298 30.
1614 3272 1664 3298 Pro
1683 3271 1773 3306 quia...
1792 3274 1981 3299 ωπςιι-ηιηκιια
2005 3274 2070 3300 sunt
2087 3272 2170 3300 CDH

1210 3318 1307 3353 quod...
1324 3319 1515 3345 consummata
1533 3318 1626 3349 erant,
1645 3320 1670 3343 et
1689 3322 1737 3349 pro
1756 3315 1845 3344 emisit
1861 3316 1919 3351 (err.
1940 3317 2028 3344 matth.
2047 3317 2096 3349 27,
2116 3318 2169 3351 50.)

1210 3363 1322 3395 Vulgata
1340 3366 1366 3388 et
1385 3363 1442 3389 Vat.
1463 3361 1580 3389 tradidit.

2202 595 2332 618 Notandum.

2207 917 2301 944 Quatuor
2316 919 2343 939 es·

2200 944 2268 965 tectus
2289 950 2343 966 amo-
