2476 3921
946 236 1220 270 t’uot.t·:‹;0Mt·2NA
1246 238 1277 267 C.
1305 237 1336 267 11.
2091 238 2125 269 xi

138 333 189 358 iam
209 332 360 358 notavimus
380 334 443 356 tom.
463 330 504 355 Vl.
520 329 666 360 l‘rolcgom.
687 334 750 359 pag.
768 327 843 352 XXV
858 333 883 351 n.
904 326 944 351 413.
964 326 1100 350 Commen-

138 386 202 411 tario
221 386 247 410 in
271 386 321 410 hoc
347 383 516 415 Evangelium
537 382 711 415 praemittitur
737 383 850 406 tantum:
878 380 980 410 Lucas,
1006 377 1102 403 deinde

138 439 258 464 columna
280 437 363 469 prima
378 436 508 469 sequitur:
522 435 642 469 Spiritus
657 433 765 461 Domini
776 439 858 466 super
872 439 914 458 me
928 435 977 456 ctc.
991 431 1016 456 in
1037 431 1100 461 fine,

138 495 209 524 post:
230 491 323 517 Amen.
347 490 467 523 additur-2
494 489 541 516 Die
558 488 648 515 sabati
671 488 700 514 in
718 488 785 522 sesto
806 486 835 512 B.
864 484 1003 513 Michaelis
1028 491 1102 509 anno

139 544 248 571 Domini
265 543 407 570 millesimo
427 543 490 570 00.ο
510 541 706 576 septuayestmo
725 541 824 575 quarto
844 539 1031 572 computatum
1051 536 1103 571 suit

138 597 213 632 apud
232 597 368 624 Galeriam
387 596 416 623 in
435 595 514 622 domo
533 594 637 621 domini
661 593 738 627 Ileyz‘s
759 593 827 620 inter
849 591 994 619 Damirum
1018 589 1103 616 docto-

140 658 198 677 rem
217 652 242 677 et
261 650 358 677 Adam.

211 704 308 730 Omnes
327 705 391 730 alios
410 704 488 730 codd.
508 706 612 730 nostros
637 703 679 728 hic
698 704 782 727 aetate
806 700 954 734 praecedit,
980 699 1025 724 scd
1052 705 1103 723 11011

139 759 308 784 correctione.
328 759 469 790 Prologum
488 760 589 784 tantum
609 760 634 783 et
653 759 754 789 partem
769 762 827 787 cap.
849 755 872 780 t.
892 761 953 779 cum
973 753 1015 778 cd.
1037 752 1105 777 Vati-

139 818 203 837 cana
222 812 334 837 conferri
360 811 525 842 curavimus,
545 814 570 836 et
589 809 802 843 praescindentes
827 815 840 833 a
868 806 995 839 graxihus
1021 805 1104 836 vitiis,

140 866 301 891 conformem
314 872 376 891 eum
395 872 452 891 esse
466 864 577 890 familiae
597 865 616 889 Α
628 863 646 889 C
657 864 678 889 D
697 863 896 896 deprehendere
913 861 1057 894 potuimus.
1070 873 1106 878 -

140 918 212 950 Sign.
232 918 278 944 litt.
296 919 325 944 L.

414 1023 517 1051 Codices
536 1031 552 1050 a.
570 1023 643 1050 nobis
662 1031 711 1050 non
729 1022 832 1050 collati.

215 1133 255 1159 te.
285 1132 417 1159 Caesenae
443 1132 467 1158 in
493 1132 575 1164 ltalia,
601 1131 721 1158 biblioth.
749 1131 936 1163 Malatestiana,
962 1131 1026 1156 Plut.
1053 1130 1106 1156 Vll.

142 1185 200 1211 cod.
220 1185 263 1211 lV.
282 1186 395 1212 membr.
415 1186 439 1212 111
460 1186 503 1211 fol.
522 1192 590 1212 saec.
611 1186 674 1211 Xlll.
694 1188 795 1211 exeunt.
815 1185 904 1210 Plures
923 1183 1001 1210 habet
1021 1183 1107 1216 postil-

142 1240 179 1265 las
199 1239 355 1271 marginales
373 1247 388 1265 a
408 1239 528 1272 pluribus
548 1238 660 1265 librariis
678 1245 747 1265 saec.
768 1238 837 1264 XlV.
856 1241 882 1264 et
902 1238 960 1263 XV.
974 1240 1105 1268 exaratas,

142 1300 257 1326 quorum
278 1300 346 1319 unus
365 1293 467 1319 addidit
485 1294 512 1319 in
531 1294 600 1319 fine:
621 1292 739 1326 Emplicil
758 1291 867 1326 postilla
887 1298 969 1325 super
991 1291 1106 1323 Lucam,

143 1345 294 1372 Conventus
318 1345 427 1373 Cessene
454 1346 511 1380 (sic)
537 1346 659 1380 fratrum
685 1345 838 1378 Minorum,
867 1345 966 1371 omisso
992 1344 1107 1370 auctoris

142 1399 257 1425 nomine.

215 1453 257 1478 43.
277 1453 441 1486 Florentiae,
456 1453 575 1480 biblioth.
588 1453 902 1484 Mediceo-Laurentiana,
923 1453 988 1478 Plut.
1002 1452 1108 1478 XXVll.

143 1506 211 1533 dext.
231 1507 289 1533 cod.
309 1508 334 1533 3.
354 1507 466 1534 membr.
487 1508 512 1534 in
529 1508 589 1534 folio
608 1515 676 1534 saec.
691 1507 759 1534 XlV.
778 1508 875 1533 ineunt.
896 1507 967 1532 Folio
987 1508 1012 1532 2.
1031 1514 1051 1531 r.
1066 1513 1109 1532 no-

143 1564 225 1587 tatur:
246 1560 349 1587 Tabula
367 1568 449 1596 super
469 1561 611 1589 Postillam
630 1568 713 1595 super
733 1561 836 1588 Lucam
855 1560 954 1594 fratris
974 1559 1005 1586 de
1027 1560 1110 1586 Turo-

143 1614 190 1641 nia
209 1614 314 1642 ordinis
333 1614 482 1643 Minorum.
503 1616 558 1642 Alia
583 1622 677 1641 manus
705 1615 824 1640 eiusdem
851 1620 919 1639 saec.
947 1613 1016 1639 xiv,
1041 1613 1110 1638 inse-

143 1668 209 1694 ruit:
229 1669 280 1695 Iste
299 1667 365 1695 liber
383 1670 485 1703 spectat
503 1668 540 1695 ad
553 1668 718 1696 Conveniam
732 1667 908 1701 florentinum
929 1666 1033 1693 ordinis
1052 1666 1111 1700 sra-

144 1723 219 1748 trum
232 1722 380 1755 Minorum,
392 1722 536 1756 deputatus
546 1721 583 1748 ad
594 1728 676 1748 usum
686 1721 784 1755 fratris
795 1720 948 1747 llluminati
957 1719 988 1746 de
999 1719 1114 1753 Campo-

143 1775 230 1802 saccis
248 1775 367 1802 eiusdem
381 1775 493 1802 ordinis.
514 1775 581 1801 Hinc
600 1775 723 1801 columna
745 1775 844 1806 prima:
862 1773 983 1807 Spiritus
1004 1767 1114 1799 Domin²

144 1835 227 1862 super
245 1829 288 1855 m'e
301 1831 351 1854 etc.
369 1829 460 1855 Multas
480 1828 559 1854 habet
571 1828 732 1860 additiones,
745 1827 902 1853 omissiones
915 1829 940 1852 et
954 1826 1112 1851 variationes

145 1882 212 1908 sicut
231 1882 273 1908 alii
292 1881 342 1908 sub
355 1889 380 1907 n.
396 1882 421 1908 t.
434 1885 459 1908 et
472 1883 496 1908 2.
511 1881 645 1914 descripti.
661 1881 761 1907 Desinit
780 1881 821 1906 fol.
837 1881 898 1906 156.
915 1887 951 1905 1·.;
971 1880 1028 1907 Nos
1047 1885 1112 1913 erqo

146 1934 177 1962 de
197 1934 264 1962 libro
282 1935 358 1971 finito
378 1935 555 1970 omnipotenti
572 1936 627 1962 Deo
647 1935 757 1969 ¹qrucz'as
776 1934 899 1968 aqimus,
919 1933 967 1968 qui
985 1935 1023 1960 est
1041 1933 1112 1959 Deus

145 1996 228 2023 super
246 1989 339 2016 omnia
358 1988 518 2016 benedictus.
537 2003 572 2009 —
592 1989 728 2021 inscriptio
753 1989 795 2014 illa
814 1987 912 2022 fratris
932 1986 963 2013 de
991 1986 1113 2013 Tui-onia

146 2049 199 2069 non
219 2045 354 2069 auctorem
368 2043 470 2075 operis,
490 2042 536 2068 sed
550 2044 651 2069 tantum
670 2040 779 2069 tabulae
798 2041 824 2067 vi
838 2040 982 2067 verborum
996 2040 1113 2066 indicare

146 2096 240 2126 potest.

219 2147 262 2174 tt.
282 2148 389 2182 Praqae
408 2148 435 2174 in
447 2148 587 2180 Bohemia,
606 2147 726 2174 biblioth.
739 2146 934 2179 Universitatis‚
954 2147 1013 2172 cod.
1033 2146 1069 2172 lll.
1083 2146 1112 2171 A.

148 2202 191 2227 22.
211 2201 324 2227 membr.
344 2202 369 2227 in
389 2202 432 2228 fol.
453 2208 521 2228 saec.
542 2202 605 2227 Xlll.
625 2204 728 2227 exeunt.
748 2201 840 2226 Manus
863 2207 932 2226 saec.
956 2200 1024 2225 XlV.
1044 2202 1114 2225 nota-

148 2256 186 2282 vit
212 2255 237 2281 in
263 2256 411 2288 principio:
436 2255 551 2282 Postilla
575 2262 658 2288 super
683 2254 786 2281 Lucam
811 2254 884 2280 Bone
908 2254 1038 2286 venture,
1065 2253 1114 2278 alia

148 2310 280 2342 posterior
299 2309 419 2336 addidit:
432 2310 484 2336 Iste
498 2308 564 2336 liber
578 2310 617 2336 est
629 2310 717 2335 emtus
730 2315 748 2334 a
761 2307 848 2334 Paulo
866 2306 1005 2334 sacerdote
1018 2307 1050 2334 de
1068 2307 1115 2341 Ly-

149 2363 324 2391 thonnerziez
342 2370 406 2390 cum
424 2363 486 2390 aliis
505 2362 645 2397 pluribus,
670 2361 795 2389 scilicet...
816 2362 903 2387 Prima
929 2369 1024 2388 manus
1043 2369 1116 2394 prae-

149 2417 221 2443 misit
232 2416 443 2443 Commentario:
463 2415 572 2443 Postitle
584 2423 668 2450 super
683 2416 787 2442 Lucam
806 2414 1015 2449 evanqelistam,
1035 2418 1061 2441 et
1074 2415 1116 2441 ad-

150 2470 216 2496 didit
235 2471 261 2496 in
280 2470 345 2496 fine:
370 2469 531 2504 Empticiunt
549 2468 658 2496 Postille
676 2475 759 2503 super
780 2468 882 2495 Lucam
900 2467 999 2503 fratris
1018 2468 1117 2495 Bonea-

149 2525 269 2551 venture.

223 2577 265 2603 15.
284 2577 398 2610 Romae,
418 2576 537 2603 biblioth.
555 2577 697 2608 Vaticana,
717 2576 776 2602 cod.
796 2576 874 2602 5726.
895 2575 1009 2602 membr.
1031 2576 1055 2601 in
1077 2576 1117 2601 fol.

151 2636 220 2656 saec.
244 2630 313 2656 XIV.
338 2630 407 2656 circa
431 2630 503 2656 med.
530 2630 585 2656 Alia
610 2637 705 2656 manus
729 2618 883 2662 posterioris
908 2630 967 2655 aevi
992 2629 1119 2655 inseruit:

152 2683 261 2711 Fratris
277 2684 466 2711 Bonaventure
479 2682 677 2711 commentaria
695 2683 723 2710 in
745 2684 856 2710 Lucam.
873 2683 966 2715 Incipit
979 2686 1004 2709 et
1023 2683 1120 2709 desinit

153 2741 182 2765 ut
201 2738 227 2764 in
247 2738 333 2765 editis.

227 2793 267 2818 16.
288 2791 400 2824 Ibidem,
423 2791 450 2817 in
469 2791 564 2817 eadem
583 2790 755 2823 bibliotheca,
774 2790 833 2816 cod.
855 2790 933 2816 1298.
954 2789 1068 2816 membr.
1094 2790 1120 2815 in

154 2846 195 2872 fol.
216 2846 318 2871 minore
336 2852 404 2871 saec.
430 2845 499 2871 XlV.
519 2845 619 2871 ineunt.
645 2845 682 2870 De
701 2851 755 2878 quo
777 2844 839 2870 satis
863 2844 978 2870 diximus
993 2847 1057 2870 tom.
1078 2843 1121 2869 Vl.

154 2906 215 2932 pag.
235 2899 320 2925 XXVl
339 2907 364 2925 n.
385 2900 411 2925 3.

227 2954 281 2979 lam
294 2953 423 2985 diximus,
442 2952 549 2979 maioris
561 2953 722 2979 auctoritatis
734 2959 792 2979 esse
811 2952 889 2978 codd.
908 2952 929 2979 A
940 2952 959 2979 C
970 2953 1005 2984 D,
1023 2951 1123 2986 quibus

156 3005 182 3032 in
200 3005 320 3039 partibus
339 3006 439 3032 collatis
457 3006 634 3038 suffragantur
652 3006 675 3031 K
695 3008 721 3032 et
739 3006 758 3031 1.
764 3015 771 3037 ς
791 3005 870 3031 ceteri
890 3006 975 3032 collati
999 3006 1059 3038 plus
1077 3005 1123 3031 mi-

156 3066 241 3086 nusve
260 3060 365 3093 mutati,
378 3060 498 3093 adaucti,
512 3059 637 3086 contracti
650 3061 692 3086 vel
706 3060 805 3086 lacunis
818 3060 923 3092 magnis
938 3059 1034 3085 foedati
1048 3062 1122 3090 sunt,

157 3113 228 3139 unde
246 3113 310 3146 ipsis
322 3114 362 3140 usi
376 3120 469 3139 sumus
479 3113 622 3153 praecipue
634 3114 676 3139 vel
691 3113 717 3139 in
730 3113 955 3139 confirmationem
969 3113 1010 3139 vel
1025 3113 1051 3139 in
1063 3113 1123 3139 suh-

158 3166 269 3200 sidium‚
288 3166 396 3200 quando
415 3167 509 3193 melior
528 3167 570 3192 illa
589 3166 686 3192 familia
699 3167 845 3198 desectum,
865 3167 908 3192 vel
927 3166 1122 3198 corruptionem

159 3219 348 3246 manifestabat.
375 3221 454 3246 Multa
481 3220 561 3246 millia
588 3220 707 3246 locorum
729 3227 781 3252 ope
804 3220 926 3246 codicum
945 3220 1079 3252 corrigere
1098 3223 1124 3246 et

159 3274 257 3305 textum
276 3273 408 3299 sincerum
427 3274 481 3299 fere
500 3280 606 3305 semper
624 3273 761 3299 restituere
779 3272 924 3304 potuimus.

230 3325 317 3352 Alium
336 3325 490 3358 improbum
513 3325 644 3357 laborem,
663 3326 706 3352 cui
725 3328 854 3359 quantum
874 3325 1002 3358 temporis
1020 3328 1045 3351 et
1063 3332 1123 3357 ope-

160 3379 198 3405 ris
223 3379 375 3412 impensum
404 3379 448 3413 sit,
474 3386 553 3406 nemo
572 3366 631 3405 ’nisi
658 3381 781 3411 expertus
809 3379 883 3404 facile
911 3379 1009 3410 credit,
1038 3385 1123 3404 susce-

1167 323 1267 354 pimus,
1289 327 1315 347 ut
1335 327 1371 348 tot
1400 324 1477 348 millia
1498 324 1615 348 locorum
1645 328 1699 348 tum
1729 332 1757 349 cx
1785 325 1917 355 Scriptura
1944 330 1998 349 tum
2019 333 2047 350 ex
2075 327 2129 349 ahin

1167 375 1270 406 scriptis
1289 376 1459 407 allegatorum
1480 377 1556 401 sedes
1577 377 1755 401 invcnireums
1777 378 1899 409 ipsosque
1919 384 1979 402 cum
2000 378 2129 407 originali-

1168 428 1217 453 bus
1232 429 1338 454 collatos
1353 434 1473 454 accurate
1489 430 1674 455 indicaremus.
1691 430 1800 455 'sextum
1817 432 1966 455 (nlossarum
1984 433 2131 463 frequenter

1168 481 1316 506 invenimus
1336 482 1524 515 depravatum,
1538 487 1563 508 ct
1582 490 1633 508 non
1648 491 1707 508 raro
1721 484 1797 508 etiam
1819 488 1922 514 auctor,
1937 492 1949 508 a
1964 492 2017 516 quo
2032 489 2132 509 sanitae

1168 539 1240 567 suut,
1261 543 1401 567 perperam
1423 537 1560 562 indit-atus.
1582 537 1680 562 Verum
1702 538 1797 562 totitem
1823 538 1972 562 mossarum
1994 542 2018 562 et
2036 538 2132 569 passim

1168 589 1246 614 etiam
1267 590 1398 621 integrum
1413 590 1469 615 cius
1483 593 1579 615 textum
1594 590 1619 614 111
1635 590 1702 615 notis
1720 589 1895 615 exhibuimus.
1909 604 1943 608 —
1958 591 2048 622 Quoad
2065 592 2133 615 leem

1170 643 1319 675 Scripturae
1333 644 1477 669 notandum
1498 648 1549 675 est,
1564 645 1635 677 quod
1656 645 1689 669 illi
1704 645 1766 675 lovi,
1787 645 1831 677 qui
1852 645 1883 669 ad
1906 648 2002 670 textum
2018 646 2133 676 Evange-

1169 696 1193 721 lii
1208 696 1293 721 Lucae
1307 697 1488 722 illustrandum
1503 698 1655 729 atteruntur,
1669 698 1826 729 plerumque
1841 705 1890 722 nou
1906 699 2020 728 perferte
2043 705 2103 722 cont
2113 705 2135 721 c·

1169 750 1244 775 ninnt
1262 757 1322 775 cum
1343 750 1438 776 receuti
1454 754 1521 776 textu
1543 751 1684 781 volgatae,
1704 755 1729 776 et
1749 752 1797 776 hoc
1811 751 1845 776 ob
1861 752 1946 782 plures
1966 759 2067 776 ‹tau-ih.
2090 751 2134 776 ΧΗ

1170 804 1239 829 enim
1254 804 1304 829 hoc
1323 804 1432 835 accidit,
1451 805 1512 837 quia
1533 805 1680 836 exemplar,
1700 812 1754 837 quo
1775 806 1799 829 S.
1814 805 1909 830 hoctor
1929 812 1992 830 usus
2012 810 2063 835 ext,
2085 813 2134 830 nun

1170 857 1415 883 conveniebatcum
1427 862 1512 883 nostra
1525 858 1650 890 Vulgata,
1665 859 1718 889 vel,
1733 858 1756 882 id
1772 858 1842 890 quod
1859 859 2018 891 freqiueutius
2029 859 2135 889 accidit,

1171 911 1227 943 ipse
1246 912 1364 937 consulto
1384 912 1513 944 ‹ptasdam
1534 913 1674 944 particulas
1693 916 1718 937 et
1738 913 1852 944 integras
1869 917 1956 944 partes
1975 913 2074 943 omisit,
2096 914 2135 937 tel

1171 965 1248 990 etiam
1269 966 1489 991 constructionem
1510 966 1674 998 aliquatenus
1694 967 1818 996 mutavit,
1833 970 1859 991 ut
1873 974 1960 991 sermo
1974 974 2022 991 suo
2043 974 2136 998 propo-

1171 1020 1220 1045 sito
1239 1023 1265 1045 et
1284 1020 1413 1046 contextui
1441 1021 1526 1052 magis
1545 1024 1716 1051 eetigruci·et;
1742 1021 1853 1052 exempli
1874 1021 1965 1052 gratia,
1986 1028 2033 1052 pro
2056 1022 2135 1045 forma

1172 1073 1358 1106 interrogativa
1386 1073 1410 1098 in
1436 1080 1515 1099 sensu
1542 1074 1665 1105 negativo
1686 1074 1784 1105 pluries
1808 1073 1973 1099 substituitur
1993 1074 2137 1106 propositio

1172 1126 1289 1153 absoluta
1311 1127 1446 1159 negativa;
1466 1128 1507 1153 vel
1528 1134 1575 1159 pro
1598 1134 1642 1153 ros
1664 1128 1769 1159 ponitur
1793 1135 1850 1154 nos.
1874 1128 2033 1160 Saepissime
2060 1128 2136 1153 ctiam

1172 1188 1234 1213 pars
1252 1183 1352 1206 tantum
1374 1182 1491 1207 locorum
1512 1181 1630 1213 explicite
1650 1181 1801 1213 exhibetur,
1822 1182 1920 1214 reliqua
1942 1189 2004 1207 vero
2025 1190 2071 1214 per
2090 1183 2137 1208 etc.

1171 1235 1329 1261 indicantur.
1351 1236 1377 1260 ln
1397 1236 1458 1261 edd.
1480 1236 1502 1261 1.
1524 1239 1548 1261 et
1564 1236 1634 1266 vat..
1655 1236 1807 1268 praesertim
1823 1237 1848 1261 in
1870 1237 1952 1268 prima
1975 1241 2047 1268 parte
2061 1236 2138 1262 Com-

1172 1289 1291 1315 mentarii
1318 1289 1379 1315 dicti
1406 1290 1454 1314 loci
1474 1289 1619 1321 allegantur
1645 1290 1802 1322 plerumque
1828 1290 1974 1315 secundnm
2001 1290 2136 1323 antiquam

1173 1343 1332 1375 Vulgatam,
1352 1346 1377 1368 et
1406 1343 1503 1374 passim
1532 1346 1618 1375 partes
1638 1350 1650 1368 a
1677 1343 1814 1368 codicibus
1833 1343 1947 1368 omissae
1973 1344 2136 1375 supplentur.

1172 1398 1225 1424 Sed
1244 1398 1412 1430 putavimus,
1438 1398 1560 1423 standum
1586 1397 1663 1423 nobis
1688 1404 1745 1423 esse
1771 1397 1907 1423 codicibus
1933 1397 2137 1430 antiquioribus,

1172 1450 1279 1483 quando
1300 1450 1364 1476 inter
1384 1457 1411 1476 se
1425 1450 1628 1476 conveniebant.
1643 1451 1668 1476 ln
1683 1451 1746 1476 locis
1764 1454 1850 1476 tamen
1865 1451 1951 1476 minus
1965 1451 2139 1476 communiter

1173 1505 1241 1530 notis
1259 1504 1285 1529 in
1305 1504 1477 1530 commodum
1498 1504 1601 1529 lectoris
1626 1504 1725 1536 pluries
1749 1504 1907 1529 retinuimus
1933 1503 2013 1529 verba
2042 1504 2140 1529 Vatica-

1173 1564 1236 1589 nae,
1257 1556 1302 1582 ubi
1321 1556 1399 1582 codd.
1415 1556 1549 1588 ponebant
1567 1558 1615 1583 etc.

1247 1611 1273 1636 ln
1294 1613 1363 1636 textu
1383 1617 1447 1635 vero
1467 1609 1610 1644 Evangelii
1627 1610 1715 1636 Lucae
1735 1611 1858 1636 lectiones
1877 1617 1890 1635 a
1913 1611 2024 1642 Vulgata
2044 1611 2141 1636 discre-

1176 1651 1273 1697 pantes*
1288 1664 1398 1690 fideliter
1414 1664 1614 1696 annotavimus,
1634 1665 1675 1689 vel
1690 1664 1714 1689 in
1734 1667 1832 1690 textum
1853 1668 1971 1696 receptas
1990 1665 2142 1690 auctoritate

1178 1718 1347 1751 antiquorum
1367 1718 1408 1743 vel
1428 1721 1630 1743 coaetaneorum
1644 1718 1802 1749 scriptorum
1822 1718 2051 1750 confirmavimus,
2071 1725 2143 1750 prae-

1179 1771 1268 1796 sertim
1294 1771 1461 1803 Hieronymi,
1486 1771 1638 1802 Augustini,
1665 1772 1765 1802 nedae,
1791 1772 1956 1803 Glossarum,
1984 1773 2010 1797 Β.
2030 1771 2141 1803 Alberti,

1180 1825 1204 1850 S.
1219 1825 1351 1856 Thomae‚
1364 1824 1442 1851 Card.
1456 1824 1576 1856 Hugonis
1588 1828 1613 1850 et
1626 1824 1705 1850 etiam
1720 1825 1828 1850 Gorrani
1844 1825 1889 1857 (de
1902 1832 1955 1858 quo
1967 1826 2011 1851 cfr.
2027 1828 2089 1850 tom.
2102 1826 2142 1850 Vl.

1179 1879 1326 1911 Prolegom.
1340 1886 1401 1911 pag.
1422 1879 1481 1904 XX!
1507 1879 1555 1904 col.
1583 1879 1619 1912 t).
1639 1880 1664 1904 ln
1685 1880 1780 1904 horum
1800 1880 1937 1905 collatione
1956 1880 2061 1912 saepius
2080 1880 2144 1906 vidi-

1177 1939 1251 1965 mus,
1268 1932 1355 1958 varias
1374 1932 1501 1958 editiones
1520 1933 1615 1958 horum
1630 1934 1768 1958 auctorum
1782 1933 1809 1958 in
1824 1933 1880 1965 ipso
1900 1935 1977 1959 textu
1994 1934 2143 1966 Scripturae

1177 1986 1343 2012 substituisse
1362 1989 1526 2018 praesentem
1546 1986 1684 2012 lectionem
1705 1987 1848 2019 Vulgatae⁷
1868 1987 1914 2013 sed
1934 1987 1959 2012 in
1979 1987 2143 2021 expositione

1177 2040 1296 2066 eiusdem
1315 2040 1452 2066 retinuisse
1465 2040 1541 2065 aliam
1556 2040 1710 2071 lectionem,
1724 2047 1805 2073 quam
1826 2039 1958 2066 habebant
1971 2041 2049 2066 etiam
2063 2041 2143 2066 nostri

1177 2094 1282 2120 codices
1294 2094 1391 2126 aliique
1403 2094 1511 2126 antiqui.
1526 2093 1605 2119 Nobis
1618 2100 1671 2119 non
1686 2093 1813 2125 probatur
1823 2094 1888 2119 ratio
1900 2101 1992 2119 eorum
2003 2095 2144 2125 editorum,

1177 2147 1223 2181 qui
1242 2148 1270 2173 in
1289 2148 1393 2179 scriptis
1412 2154 1571 2179 magnorum
1585 2147 1724 2173 doctorum
1743 2154 1848 2179 semper
1870 2150 2001 2173 recentem
2016 2147 2144 2179 vulgatae

1178 2204 1275 2227 textum
1296 2201 1458 2227 substituunt
1476 2202 1600 2234 antiquae
1613 2201 1716 2227 lectioni
1735 2202 1857 2227 auctoris.
1876 2215 1912 2220 —
1925 2202 1979 2227 Hoc
1992 2202 2081 2234 quoad
2096 2206 2145 2227 tex-

1179 2258 1235 2280 tum
1262 2254 1395 2287 Evangelii
1415 2255 1509 2280 Lucae.
1530 2254 1582 2280 Sed
1601 2255 1626 2280 in
1656 2254 1801 2280 referendis
1821 2253 1935 2280 millibus
1958 2255 2005 2279 illis
2033 2255 2096 2280 locis
2115 2261 2144 2280 ex

1180 2311 1233 2333 toto
1253 2308 1285 2333 V.
1305 2311 1331 2334 et
1347 2308 1376 2334 N.
1398 2308 1428 2333 T.
1448 2308 1531 2334 allatis
1550 2311 1575 2333 et
1588 2314 1602 2332 a
1622 2308 1806 2333 Bonaventura
1820 2308 1951 2338 consulto,
1971 2311 1999 2332 ut
2018 2307 2145 2338 diximuS,

1181 2369 1325 2394 parumper
1344 2362 1484 2388 contractis
1503 2362 1545 2387 vel
1565 2362 1686 2392 mutatis,
1712 2360 1875 2386 intolerabile
1897 2360 1975 2386 nobis
1998 2365 2023 2386 et
2041 2361 2146 2392 legenti-

1182 2415 1232 2441 bus
1251 2419 1277 2441 et
1294 2416 1386 2441 inutile
1404 2423 1472 2441 onus
1486 2415 1590 2447 fuisset,
1609 2421 1794 2448 quascumque
1813 2414 1926 2440 minutas
1944 2421 1987 2439 res
2000 2421 2013 2439 a
2035 2414 2145 2446 Vulgata

1183 2467 1362 2500 discrepantes
1381 2468 1416 2494 ad
1435 2468 1533 2494 calcem
1548 2470 1682 2493 annotare.
1698 2467 1752 2492 Hoc
1771 2473 1823 2492 non
1838 2467 1960 2497 fecimuS,
1974 2467 2023 2492 nisi
2041 2473 2147 2492 concur-

1183 2524 1256 2548 rente
1274 2522 1380 2554 speciali
1399 2522 1508 2547 ratione.

1610 2627 1679 2654 CAP.
1700 2628 1727 2653 11.

1334 2727 1377 2761 De
1400 2725 1544 2771 pluribus
1567 2725 1720 2771 opusculis
1743 2724 1922 2769 illegitimis
1945 2724 1992 2759 vel

1546 2779 1660 2814 saltem
1677 2778 1792 2814 dubiis.

1279 2888 1398 2921 Primo
1420 2888 1537 2931 agitur
1571 2888 1610 2920 de
1646 2886 1786 2919 Postilla
1818 2887 1853 2919 in
1885 2886 2148 2919 Lamentationes

1187 2942 1356 2975 Jeremiae.

1258 3057 1313 3083 Hoc
1331 3056 1490 3088 opusculum
1509 3055 1649 3081 reiecimus
1668 3055 1695 3080 in
1715 3054 1904 3087 appendicem,
1924 3055 1986 3087 quia
2000 3061 2096 3086 graves
2109 3061 2149 3080 ra-

1187 3111 1270 3136 tiones
1288 3110 1412 3142 suadent,
1432 3112 1460 3135 ut
1479 3110 1529 3134 hoc
1548 3109 1706 3141 opusculum
1735 3108 1883 3134 tribuamus
1908 3108 1995 3140 potius
2019 3108 2148 3140 discipulo

1187 3165 1213 3190 S.
1232 3165 1444 3195 Bonaventurae‚
1464 3162 1551 3188 loanni
1571 3163 1700 3188 Pechamo
1720 3161 1782 3187 Ord.
1803 3162 1871 3194 Min,
1890 3168 1971 3194 quam
1992 3161 2042 3193 ipsi
2060 3165 2149 3187 nostro

1187 3217 1300 3243 Doctori.
1320 3217 1362 3243 ille
1375 3216 1527 3242 cathedram
1541 3216 1659 3248 magistri
1672 3215 1785 3242 obtinuit
1798 3215 1909 3247 Parisiis,
1927 3215 2025 3241 deinde
2044 3214 2149 3245 Oxonii;

1186 3274 1278 3304 postea
1297 3271 1323 3296 in
1342 3270 1419 3297 Curia
1432 3270 1549 3296 Romana
1570 3270 1618 3295 fuit
1636 3270 1739 3302 primus
1758 3276 1788 3295 ex
1801 3269 1898 3295 Ordine
1917 3269 2045 3294 Minorum
2059 3269 2150 3293 Lector

1187 3331 1209 3351 s.
1228 3324 1324 3350 Palatii.
1344 3323 1419 3349 Anno
1440 3323 1508 3348 4279
1522 3325 1659 3354 promotus
1679 3324 1718 3347 est
1737 3321 1770 3347 ad
1784 3321 1874 3347 sedem
1894 3320 2068 3353 primatialem
2088 3319 2150 3345 Can-

1189 3377 1356 3404 tuariensem.
1371 3377 1488 3402 Mortuus
1501 3378 1539 3401 est
1552 3376 1577 3401 8.
1590 3375 1651 3401 Dec.
1669 3375 1746 3400 4292.
1757 3375 1794 3400 De
1808 3374 1926 3400 eiusdem
1941 3373 2029 3399 multis
2047 3372 2150 3404 scriptis
