<?xml version="1.0" encoding="UTF-8"?>
<!DOCTYPE html PUBLIC "-//W3C//DTD XHTML 1.0 Transitional//EN"
    "http://www.w3.org/TR/xhtml1/DTD/xhtml1-transitional.dtd">
<html xmlns="http://www.w3.org/1999/xhtml" xml:lang="en" lang="en">
 <head>
  <title>
</title>
<meta http-equiv="Content-Type" content="text/html;charset=utf-8" />
  <meta name='ocr-system' content='tesseract 3.04.00' />
  <meta name='ocr-capabilities' content='ocr_page ocr_carea ocr_par ocr_line ocrx_word'/>
</head>
<body>
  <div class='ocr_page' id='page_1' title='image "./doctorisseraphic07bona_0800.png"; bbox 0 0 2427 3872; ppageno 0'>
   <div class='ocr_carea' id='block_1_1' title="bbox 279 263 627 331">
    <p class='ocr_par' dir='ltr' id='par_1_1' title="bbox 279 263 627 331">
     <span class='ocr_line' id='line_1_1' title="bbox 279 263 342 296; baseline -0.032 0"><span class='ocrx_word' id='word_1_1' title='bbox 279 263 342 296; x_wconf 81' lang='grc'>774</span> 
     </span>
     <span class='ocr_line' id='line_1_2' title="bbox 572 305 627 331; baseline 0 -1"><span class='ocrx_word' id='word_1_2' title='bbox 572 305 627 331; x_wconf 83' lang='grc'>101)</span> 
     </span>
    </p>
   </div>
   <div class='ocr_carea' id='block_1_2' title="bbox 279 346 944 3432">
    <p class='ocr_par' dir='ltr' id='par_1_2' title="bbox 279 346 928 876">
     <span class='ocr_line' id='line_1_3' title="bbox 279 346 920 378; baseline -0.014 0"><span class='ocrx_word' id='word_1_3' title='bbox 279 368 314 373; x_wconf 88' lang='lat'>—-</span> <span class='ocrx_word' id='word_1_4' title='bbox 329 352 451 378; x_wconf 91' lang='lat' dir='ltr'>Divinum</span> <span class='ocrx_word' id='word_1_5' title='bbox 462 350 588 376; x_wconf 89' lang='lat' dir='ltr'>iudicium</span> <span class='ocrx_word' id='word_1_6' title='bbox 604 347 759 375; x_wconf 85' lang='lat' dir='ltr'>desertionis</span> <span class='ocrx_word' id='word_1_7' title='bbox 773 346 820 372; x_wconf 85' lang='lat' dir='ltr'>fuit</span> <span class='ocrx_word' id='word_1_8' title='bbox 833 351 920 375; x_wconf 90' lang='lat' dir='ltr'>causa,</span> 
     </span>
     <span class='ocr_line' id='line_1_4' title="bbox 281 389 921 425; baseline -0.014 -2"><span class='ocrx_word' id='word_1_9' title='bbox 281 405 328 423; x_wconf 92' lang='grc'>001</span> <span class='ocrx_word' id='word_1_10' title='bbox 348 396 420 422; x_wconf 89' lang='lat' dir='ltr'>multi</span> <span class='ocrx_word' id='word_1_11' title='bbox 440 394 527 421; x_wconf 86' lang='lat' dir='ltr'>ludaei</span> <span class='ocrx_word' id='word_1_12' title='bbox 540 401 594 420; x_wconf 90' lang='lat' dir='ltr'>non</span> <span class='ocrx_word' id='word_1_13' title='bbox 610 394 730 425; x_wconf 75' lang='lat' dir='ltr'>poterant</span> <span class='ocrx_word' id='word_1_14' title='bbox 748 391 856 416; x_wconf 91' lang='lat' dir='ltr'>credere</span> <span class='ocrx_word' id='word_1_15' title='bbox 871 389 921 415; x_wconf 88' lang='lat'>424</span> 
     </span>
     <span class='ocr_line' id='line_1_5' title="bbox 281 436 923 470; baseline -0.011 -3"><span class='ocrx_word' id='word_1_16' title='bbox 281 442 316 467; x_wconf 75' lang='grc'>70</span> <span class='ocrx_word' id='word_1_17' title='bbox 334 455 370 461; x_wconf 91' lang='grc'>-</span> <span class='ocrx_word' id='word_1_18' title='bbox 389 439 531 467; x_wconf 76' lang='lat' dir='ltr'>audiebant</span> <span class='ocrx_word' id='word_1_19' title='bbox 553 439 652 470; x_wconf 82' lang='lat' dir='ltr'>Legem</span> <span class='ocrx_word' id='word_1_20' title='bbox 677 440 703 463; x_wconf 91' lang='lat' dir='ltr'>et</span> <span class='ocrx_word' id='word_1_21' title='bbox 730 437 874 468; x_wconf 79' lang='lat' dir='ltr'><strong>Prophetas</strong></span> <span class='ocrx_word' id='word_1_22' title='bbox 898 436 923 460; x_wconf 90' lang='lat' dir='ltr'>et</span> 
     </span>
     <span class='ocr_line' id='line_1_6' title="bbox 281 479 922 513; baseline -0.012 -1"><span class='ocrx_word' id='word_1_23' title='bbox 281 486 414 513; x_wconf 76' lang='lat' dir='ltr'>Christum</span> <span class='ocrx_word' id='word_1_24' title='bbox 442 483 569 510; x_wconf 84' lang='lat' dir='ltr'>videbant</span> <span class='ocrx_word' id='word_1_25' title='bbox 596 485 621 508; x_wconf 90' lang='lat' dir='ltr'>et</span> <span class='ocrx_word' id='word_1_26' title='bbox 639 489 690 508; x_wconf 92' lang='lat' dir='ltr'>non</span> <span class='ocrx_word' id='word_1_27' title='bbox 718 479 862 507; x_wconf 87' lang='lat' dir='ltr'>credebant</span> <span class='ocrx_word' id='word_1_28' title='bbox 882 480 922 505; x_wconf 92' lang='lat' dir='ltr'>Vll</span> 
     </span>
     <span class='ocr_line' id='line_1_7' title="bbox 282 524 924 564; baseline -0.012 -7"><span class='ocrx_word' id='word_1_29' title='bbox 282 532 333 557; x_wconf 85' lang='lat'>299</span> <span class='ocrx_word' id='word_1_30' title='bbox 355 530 389 556; x_wconf 88' lang='grc'>69</span> <span class='ocrx_word' id='word_1_31' title='bbox 402 528 564 564; x_wconf 19' lang='lat' dir='ltr'>-lcarnales</span> <span class='ocrx_word' id='word_1_32' title='bbox 577 526 736 553; x_wconf 82' lang='lat' dir='ltr'>recusabant</span> <span class='ocrx_word' id='word_1_33' title='bbox 748 525 840 551; x_wconf 90' lang='lat' dir='ltr'>audire</span> <span class='ocrx_word' id='word_1_34' title='bbox 853 524 924 550; x_wconf 90' lang='lat' dir='ltr'>Chri-</span> 
     </span>
     <span class='ocr_line' id='line_1_8' title="bbox 282 569 925 601; baseline -0.011 -1"><span class='ocrx_word' id='word_1_35' title='bbox 282 577 352 601; x_wconf 82' lang='lat' dir='ltr'>stum</span> <span class='ocrx_word' id='word_1_36' title='bbox 372 574 405 599; x_wconf 91' lang='lat' dir='ltr'>Vl</span> <span class='ocrx_word' id='word_1_37' title='bbox 432 573 482 598; x_wconf 85' lang='lat'>388</span> <span class='ocrx_word' id='word_1_38' title='bbox 509 572 542 598; x_wconf 88' lang='lat'>25</span> <span class='ocrx_word' id='word_1_39' title='bbox 560 586 596 590; x_wconf 85' lang='lat'>——</span> <span class='ocrx_word' id='word_1_40' title='bbox 615 570 744 596; x_wconf 90' lang='lat' dir='ltr'>increduli</span> <span class='ocrx_word' id='word_1_41' title='bbox 766 569 925 595; x_wconf 89' lang='lat' dir='ltr'>condemna-</span> 
     </span>
     <span class='ocr_line' id='line_1_9' title="bbox 283 615 926 649; baseline -0.014 -3"><span class='ocrx_word' id='word_1_42' title='bbox 283 619 380 646; x_wconf 92' lang='lat' dir='ltr'>buntur</span> <span class='ocrx_word' id='word_1_43' title='bbox 399 625 413 644; x_wconf 87' lang='lat' dir='ltr'>a</span> <span class='ocrx_word' id='word_1_44' title='bbox 433 618 523 649; x_wconf 86' lang='lat' dir='ltr'>regina</span> <span class='ocrx_word' id='word_1_45' title='bbox 540 616 623 646; x_wconf 84' lang='lat' dir='ltr'>Saba,</span> <span class='ocrx_word' id='word_1_46' title='bbox 635 615 698 648; x_wconf 92' lang='lat' dir='ltr'>quia</span> <span class='ocrx_word' id='word_1_47' title='bbox 711 615 926 645; x_wconf 89' lang='lat' dir='ltr'>contempserunt</span> 
     </span>
     <span class='ocr_line' id='line_1_10' title="bbox 285 658 925 691; baseline -0.013 -1"><span class='ocrx_word' id='word_1_48' title='bbox 285 664 416 690; x_wconf 77' lang='lat' dir='ltr'>Christum</span> <span class='ocrx_word' id='word_1_49' title='bbox 443 662 484 687; x_wconf 83' lang='lat' dir='ltr'>Vll</span> <span class='ocrx_word' id='word_1_50' title='bbox 504 661 555 687; x_wconf 88' lang='lat'>299</span> <span class='ocrx_word' id='word_1_51' title='bbox 585 660 631 691; x_wconf 87' lang='lat'>67,</span> <span class='ocrx_word' id='word_1_52' title='bbox 660 660 694 685; x_wconf 89' lang='lat'>69</span> <span class='ocrx_word' id='word_1_53' title='bbox 713 673 748 678; x_wconf 98' lang='lat'><strong>—</strong></span> <span class='ocrx_word' id='word_1_54' title='bbox 768 658 925 684; x_wconf 89' lang='lat' dir='ltr'>ludaeorum</span> 
     </span>
     <span class='ocr_line' id='line_1_11' title="bbox 286 703 925 738; baseline -0.013 -4"><span class='ocrx_word' id='word_1_55' title='bbox 286 708 424 734; x_wconf 77' lang='lat' dir='ltr'>infidelitas</span> <span class='ocrx_word' id='word_1_56' title='bbox 448 706 553 737; x_wconf 85' lang='lat' dir='ltr'>mansit,</span> <span class='ocrx_word' id='word_1_57' title='bbox 574 704 635 738; x_wconf 88' lang='lat' dir='ltr'>quia</span> <span class='ocrx_word' id='word_1_58' title='bbox 660 703 795 729; x_wconf 90' lang='lat' dir='ltr'>illuminati</span> <span class='ocrx_word' id='word_1_59' title='bbox 819 705 893 727; x_wconf 90' lang='lat' dir='ltr'>erant</span> <span class='ocrx_word' id='word_1_60' title='bbox 911 708 925 726; x_wconf 87' lang='lat' dir='ltr'>a</span> 
     </span>
     <span class='ocr_line' id='line_1_12' title="bbox 286 746 927 781; baseline -0.014 -2"><span class='ocrx_word' id='word_1_61' title='bbox 286 753 396 779; x_wconf 89' lang='lat' dir='ltr'>Domino</span> <span class='ocrx_word' id='word_1_62' title='bbox 419 752 453 777; x_wconf 89' lang='lat' dir='ltr'>vt</span> <span class='ocrx_word' id='word_1_63' title='bbox 479 751 525 776; x_wconf 90' lang='grc'>381</span> <span class='ocrx_word' id='word_1_64' title='bbox 551 751 585 776; x_wconf 93' lang='grc'>52</span> <span class='ocrx_word' id='word_1_65' title='bbox 604 764 639 768; x_wconf 86' lang='lat'>——</span> <span class='ocrx_word' id='word_1_66' title='bbox 658 751 767 781; x_wconf 91' lang='lat' dir='ltr'>propter</span> <span class='ocrx_word' id='word_1_67' title='bbox 792 746 927 772; x_wconf 86' lang='lat' dir='ltr'>infidelita-</span> 
     </span>
     <span class='ocr_line' id='line_1_13' title="bbox 284 791 928 824; baseline -0.014 0"><span class='ocrx_word' id='word_1_68' title='bbox 284 802 336 824; x_wconf 91' lang='lat' dir='ltr'>tem</span> <span class='ocrx_word' id='word_1_69' title='bbox 355 800 381 823; x_wconf 91' lang='lat' dir='ltr'>et</span> <span class='ocrx_word' id='word_1_70' title='bbox 399 795 572 822; x_wconf 75' lang='lat' dir='ltr'>idololatriam</span> <span class='ocrx_word' id='word_1_71' title='bbox 592 794 715 819; x_wconf 89' lang='lat' dir='ltr'>dicuntur</span> <span class='ocrx_word' id='word_1_72' title='bbox 730 791 866 824; x_wconf 81' lang='lat' dir='ltr'>generatio</span> <span class='ocrx_word' id='word_1_73' title='bbox 885 797 928 815; x_wconf 90' lang='lat' dir='ltr'>ne-</span> 
     </span>
     <span class='ocr_line' id='line_1_14' title="bbox 284 836 736 876; baseline -0.013 -8"><span class='ocrx_word' id='word_1_74' title='bbox 284 849 364 876; x_wconf 85' lang='lat' dir='ltr'>quam</span> <span class='ocrx_word' id='word_1_75' title='bbox 384 844 410 867; x_wconf 91' lang='lat' dir='ltr'>et</span> <span class='ocrx_word' id='word_1_76' title='bbox 429 841 546 866; x_wconf 88' lang='lat' dir='ltr'>adultera</span> <span class='ocrx_word' id='word_1_77' title='bbox 566 839 608 864; x_wconf 88' lang='lat' dir='ltr'>Vll</span> <span class='ocrx_word' id='word_1_78' title='bbox 630 838 680 863; x_wconf 84' lang='lat'>298</span> <span class='ocrx_word' id='word_1_79' title='bbox 701 836 736 862; x_wconf 88' lang='lat'>64</span> 
     </span>
    </p>

    <p class='ocr_par' dir='ltr' id='par_1_3' title="bbox 284 879 927 1265">
     <span class='ocr_line' id='line_1_15' title="bbox 338 879 927 911; baseline -0.014 1"><span class='ocrx_word' id='word_1_80' title='bbox 338 885 507 911; x_wconf 84' lang='lat' dir='ltr'>-infideles</span> <span class='ocrx_word' id='word_1_81' title='bbox 531 886 604 909; x_wconf 92' lang='lat' dir='ltr'>erant</span> <span class='ocrx_word' id='word_1_82' title='bbox 628 881 716 907; x_wconf 89' lang='lat' dir='ltr'>ludaei</span> <span class='ocrx_word' id='word_1_83' title='bbox 740 881 796 906; x_wconf 91' lang='lat' dir='ltr'>solo</span> <span class='ocrx_word' id='word_1_84' title='bbox 820 879 927 905; x_wconf 89' lang='lat' dir='ltr'>nomine</span> 
     </span>
     <span class='ocr_line' id='line_1_16' title="bbox 284 923 927 957; baseline -0.016 0"><span class='ocrx_word' id='word_1_85' title='bbox 284 932 318 957; x_wconf 93' lang='lat' dir='ltr'>Vl</span> <span class='ocrx_word' id='word_1_86' title='bbox 343 931 393 956; x_wconf 87' lang='lat'>296</span> <span class='ocrx_word' id='word_1_87' title='bbox 420 929 453 955; x_wconf 88' lang='lat'>44</span> <span class='ocrx_word' id='word_1_88' title='bbox 472 942 507 947; x_wconf 92' lang='lat'>—</span> <span class='ocrx_word' id='word_1_89' title='bbox 526 926 665 953; x_wconf 87' lang='lat' dir='ltr'>eiiciebant</span> <span class='ocrx_word' id='word_1_90' title='bbox 691 932 737 950; x_wconf 93' lang='lat' dir='ltr'>eos</span> <span class='ocrx_word' id='word_1_91' title='bbox 765 924 812 957; x_wconf 87' lang='lat' dir='ltr'>qui</span> <span class='ocrx_word' id='word_1_92' title='bbox 840 923 927 949; x_wconf 91' lang='lat' dir='ltr'>crede-</span> 
     </span>
     <span class='ocr_line' id='line_1_17' title="bbox 285 970 925 1001; baseline -0.014 0"><span class='ocrx_word' id='word_1_93' title='bbox 285 975 349 1001; x_wconf 89' lang='lat' dir='ltr'>bant</span> <span class='ocrx_word' id='word_1_94' title='bbox 377 975 402 999; x_wconf 93' lang='grc'>10</span> <span class='ocrx_word' id='word_1_95' title='bbox 430 973 562 999; x_wconf 79' lang='lat' dir='ltr'><strong>Christum</strong></span> <span class='ocrx_word' id='word_1_96' title='bbox 591 971 642 996; x_wconf 86' lang='lat'>502</span> <span class='ocrx_word' id='word_1_97' title='bbox 672 970 700 994; x_wconf 88' lang='grc'>61</span> <span class='ocrx_word' id='word_1_98' title='bbox 730 983 764 987; x_wconf 55' lang='grc'>-«</span> <span class='ocrx_word' id='word_1_99' title='bbox 788 970 925 1000; x_wconf 88' lang='lat' dir='ltr'>peccatum</span> 
     </span>
     <span class='ocr_line' id='line_1_18' title="bbox 286 1012 925 1045; baseline -0.014 0"><span class='ocrx_word' id='word_1_100' title='bbox 286 1019 429 1045; x_wconf 88' lang='lat' dir='ltr'>maximum</span> <span class='ocrx_word' id='word_1_101' title='bbox 457 1017 504 1042; x_wconf 85' lang='lat' dir='ltr'>suit</span> <span class='ocrx_word' id='word_1_102' title='bbox 522 1023 575 1041; x_wconf 93' lang='lat' dir='ltr'>non</span> <span class='ocrx_word' id='word_1_103' title='bbox 604 1014 712 1040; x_wconf 89' lang='lat' dir='ltr'>credere</span> <span class='ocrx_word' id='word_1_104' title='bbox 740 1013 766 1038; x_wconf 91' lang='lat' dir='ltr'>in</span> <span class='ocrx_word' id='word_1_105' title='bbox 794 1012 925 1038; x_wconf 80' lang='lat' dir='ltr'>Christum</span> 
     </span>
     <span class='ocr_line' id='line_1_19' title="bbox 286 1057 925 1091; baseline -0.011 -3"><span class='ocrx_word' id='word_1_106' title='bbox 286 1063 328 1088; x_wconf 92' lang='lat' dir='ltr'>Vll</span> <span class='ocrx_word' id='word_1_107' title='bbox 349 1062 399 1087; x_wconf 87' lang='lat'>498</span> <span class='ocrx_word' id='word_1_108' title='bbox 419 1061 452 1086; x_wconf 88' lang='lat'>69</span> <span class='ocrx_word' id='word_1_109' title='bbox 470 1075 505 1078; x_wconf 97' lang='lat'><strong>—</strong></span> <span class='ocrx_word' id='word_1_110' title='bbox 525 1062 632 1091; x_wconf 91' lang='lat' dir='ltr'>propter</span> <span class='ocrx_word' id='word_1_111' title='bbox 646 1057 853 1083; x_wconf 69' lang='lat' dir='ltr'>incredulitatem</span> <span class='ocrx_word' id='word_1_112' title='bbox 873 1063 925 1081; x_wconf 90' lang='lat' dir='ltr'>non</span> 
     </span>
     <span class='ocr_line' id='line_1_20' title="bbox 285 1101 925 1135; baseline -0.011 -3"><span class='ocrx_word' id='word_1_113' title='bbox 285 1109 359 1132; x_wconf 86' lang='lat' dir='ltr'>erant</span> <span class='ocrx_word' id='word_1_114' title='bbox 376 1106 512 1135; x_wconf 82' lang='lat' dir='ltr'>caelesteS,</span> <span class='ocrx_word' id='word_1_115' title='bbox 536 1103 583 1129; x_wconf 87' lang='lat' dir='ltr'>sed</span> <span class='ocrx_word' id='word_1_116' title='bbox 604 1102 711 1133; x_wconf 85' lang='lat' dir='ltr'>terreni,</span> <span class='ocrx_word' id='word_1_117' title='bbox 733 1108 784 1127; x_wconf 91' lang='lat' dir='ltr'>non</span> <span class='ocrx_word' id='word_1_118' title='bbox 807 1101 925 1133; x_wconf 87' lang='lat' dir='ltr'>spiritua-</span> 
     </span>
     <span class='ocr_line' id='line_1_21' title="bbox 286 1145 926 1181; baseline -0.009 -5"><span class='ocrx_word' id='word_1_119' title='bbox 286 1152 338 1181; x_wconf 86' lang='lat' dir='ltr'>les,</span> <span class='ocrx_word' id='word_1_120' title='bbox 357 1150 404 1176; x_wconf 93' lang='lat' dir='ltr'>sed</span> <span class='ocrx_word' id='word_1_121' title='bbox 424 1149 510 1181; x_wconf 89' lang='lat' dir='ltr'>potius</span> <span class='ocrx_word' id='word_1_122' title='bbox 524 1148 648 1173; x_wconf 89' lang='lat' dir='ltr'>animales</span> <span class='ocrx_word' id='word_1_123' title='bbox 668 1147 719 1173; x_wconf 87' lang='grc'>298</span> <span class='ocrx_word' id='word_1_124' title='bbox 740 1146 773 1172; x_wconf 91' lang='grc'>64</span> <span class='ocrx_word' id='word_1_125' title='bbox 794 1160 826 1164; x_wconf 92' lang='lat'>—-</span> <span class='ocrx_word' id='word_1_126' title='bbox 846 1145 926 1171; x_wconf 87' lang='lat' dir='ltr'>mani-</span> 
     </span>
     <span class='ocr_line' id='line_1_22' title="bbox 287 1191 927 1221; baseline -0.009 0"><span class='ocrx_word' id='word_1_127' title='bbox 287 1197 350 1221; x_wconf 89' lang='lat' dir='ltr'>feste</span> <span class='ocrx_word' id='word_1_128' title='bbox 369 1195 473 1220; x_wconf 82' lang='lat' dir='ltr'>fuerunt</span> <span class='ocrx_word' id='word_1_129' title='bbox 496 1192 608 1218; x_wconf 90' lang='lat' dir='ltr'>convicti</span> <span class='ocrx_word' id='word_1_130' title='bbox 629 1192 662 1217; x_wconf 88' lang='lat' dir='ltr'>de</span> <span class='ocrx_word' id='word_1_131' title='bbox 681 1191 778 1217; x_wconf 88' lang='lat' dir='ltr'>invidia</span> <span class='ocrx_word' id='word_1_132' title='bbox 803 1193 829 1216; x_wconf 91' lang='lat' dir='ltr'>et</span> <span class='ocrx_word' id='word_1_133' title='bbox 847 1191 927 1216; x_wconf 90' lang='lat' dir='ltr'>incre-</span> 
     </span>
     <span class='ocr_line' id='line_1_23' title="bbox 287 1237 516 1265; baseline -0.009 0"><span class='ocrx_word' id='word_1_134' title='bbox 287 1240 393 1265; x_wconf 88' lang='lat' dir='ltr'>dulitate</span> <span class='ocrx_word' id='word_1_135' title='bbox 413 1239 463 1263; x_wconf 85' lang='lat'>402</span> <span class='ocrx_word' id='word_1_136' title='bbox 483 1237 516 1263; x_wconf 88' lang='lat'>54</span> 
     </span>
    </p>

    <p class='ocr_par' dir='ltr' id='par_1_4' title="bbox 288 1281 932 1717">
     <span class='ocr_line' id='line_1_24' title="bbox 339 1281 928 1316; baseline -0.007 -7"><span class='ocrx_word' id='word_1_137' title='bbox 339 1297 375 1302; x_wconf 93' lang='lat'>—</span> <span class='ocrx_word' id='word_1_138' title='bbox 393 1283 517 1316; x_wconf 83' lang='lat' dir='ltr'>quamvis</span> <span class='ocrx_word' id='word_1_139' title='bbox 536 1282 616 1307; x_wconf 90' lang='lat' dir='ltr'>multa</span> <span class='ocrx_word' id='word_1_140' title='bbox 636 1282 709 1313; x_wconf 83' lang='lat' dir='ltr'>signa</span> <span class='ocrx_word' id='word_1_141' title='bbox 731 1281 873 1311; x_wconf 76' lang='lat' dir='ltr'>vidissent,</span> <span class='ocrx_word' id='word_1_142' title='bbox 894 1283 928 1305; x_wconf 90' lang='lat' dir='ltr'>ta-</span> 
     </span>
     <span class='ocr_line' id='line_1_25' title="bbox 289 1325 926 1359; baseline -0.009 -4"><span class='ocrx_word' id='word_1_143' title='bbox 289 1336 348 1355; x_wconf 96' lang='lat' dir='ltr'>men</span> <span class='ocrx_word' id='word_1_144' title='bbox 369 1336 420 1354; x_wconf 92' lang='lat' dir='ltr'>nou</span> <span class='ocrx_word' id='word_1_145' title='bbox 439 1327 622 1358; x_wconf 81' lang='lat' dir='ltr'>crediderunt,</span> <span class='ocrx_word' id='word_1_146' title='bbox 642 1326 704 1359; x_wconf 88' lang='lat' dir='ltr'>quia</span> <span class='ocrx_word' id='word_1_147' title='bbox 724 1325 821 1351; x_wconf 86' lang='lat' dir='ltr'>malitia</span> <span class='ocrx_word' id='word_1_148' title='bbox 835 1331 926 1350; x_wconf 90' lang='lat' dir='ltr'>eorum</span> 
     </span>
     <span class='ocr_line' id='line_1_26' title="bbox 288 1369 929 1400; baseline -0.009 -1"><span class='ocrx_word' id='word_1_149' title='bbox 288 1381 340 1399; x_wconf 93' lang='lat' dir='ltr'>non</span> <span class='ocrx_word' id='word_1_150' title='bbox 358 1372 459 1399; x_wconf 87' lang='lat' dir='ltr'>sinebat</span> <span class='ocrx_word' id='word_1_151' title='bbox 478 1372 510 1397; x_wconf 85' lang='lat' dir='ltr'>Vt</span> <span class='ocrx_word' id='word_1_152' title='bbox 532 1371 582 1397; x_wconf 89' lang='lat'>422</span> <span class='ocrx_word' id='word_1_153' title='bbox 602 1371 635 1396; x_wconf 88' lang='grc'>56</span> <span class='ocrx_word' id='word_1_154' title='bbox 655 1384 690 1389; x_wconf 90' lang='lat'>-</span> <span class='ocrx_word' id='word_1_155' title='bbox 708 1369 852 1395; x_wconf 87' lang='lat' dir='ltr'>credebant</span> <span class='ocrx_word' id='word_1_156' title='bbox 870 1375 929 1400; x_wconf 93' lang='lat' dir='ltr'>pro-</span> 
     </span>
     <span class='ocr_line' id='line_1_27' title="bbox 288 1415 928 1450; baseline -0.011 -6"><span class='ocrx_word' id='word_1_157' title='bbox 288 1421 346 1450; x_wconf 90' lang='lat' dir='ltr'>pter</span> <span class='ocrx_word' id='word_1_158' title='bbox 365 1418 439 1449; x_wconf 85' lang='lat' dir='ltr'>signa</span> <span class='ocrx_word' id='word_1_159' title='bbox 469 1417 520 1442; x_wconf 87' lang='lat'>276</span> <span class='ocrx_word' id='word_1_160' title='bbox 543 1416 584 1441; x_wconf 88' lang='lat'>37.</span> <span class='ocrx_word' id='word_1_161' title='bbox 614 1415 657 1440; x_wconf 90' lang='lat' dir='ltr'>Vll</span> <span class='ocrx_word' id='word_1_162' title='bbox 687 1415 734 1440; x_wconf 87' lang='lat'>224</span> <span class='ocrx_word' id='word_1_163' title='bbox 769 1415 801 1438; x_wconf 88' lang='grc'>18</span> <span class='ocrx_word' id='word_1_164' title='bbox 820 1427 857 1432; x_wconf 91' lang='grc'><strong>-</strong></span> <span class='ocrx_word' id='word_1_165' title='bbox 875 1419 928 1438; x_wconf 87' lang='lat' dir='ltr'>non</span> 
     </span>
     <span class='ocr_line' id='line_1_28' title="bbox 289 1457 929 1492; baseline -0.011 -4"><span class='ocrx_word' id='word_1_166' title='bbox 289 1463 406 1488; x_wconf 87' lang='lat' dir='ltr'>credunt.</span> <span class='ocrx_word' id='word_1_167' title='bbox 426 1461 476 1487; x_wconf 90' lang='lat' dir='ltr'>nisi</span> <span class='ocrx_word' id='word_1_168' title='bbox 496 1461 571 1492; x_wconf 84' lang='lat' dir='ltr'>signa</span> <span class='ocrx_word' id='word_1_169' title='bbox 591 1460 699 1485; x_wconf 90' lang='lat' dir='ltr'>videant</span> <span class='ocrx_word' id='word_1_170' title='bbox 718 1458 750 1483; x_wconf 92' lang='lat' dir='ltr'>Vl</span> <span class='ocrx_word' id='word_1_171' title='bbox 771 1457 821 1483; x_wconf 87' lang='grc'>326</span> <span class='ocrx_word' id='word_1_172' title='bbox 843 1457 876 1482; x_wconf 88' lang='grc'>46</span> <span class='ocrx_word' id='word_1_173' title='bbox 894 1471 929 1474; x_wconf 93' lang='grc'>-</span> 
     </span>
     <span class='ocr_line' id='line_1_29' title="bbox 289 1504 931 1534; baseline -0.012 -1"><span class='ocrx_word' id='word_1_174' title='bbox 289 1514 341 1533; x_wconf 90' lang='grc'>000</span> <span class='ocrx_word' id='word_1_175' title='bbox 360 1507 496 1533; x_wconf 82' lang='grc'>0101100105</span> <span class='ocrx_word' id='word_1_176' title='bbox 508 1505 611 1531; x_wconf 90' lang='lat' dir='ltr'>Christo</span> <span class='ocrx_word' id='word_1_177' title='bbox 630 1504 702 1529; x_wconf 88' lang='lat' dir='ltr'>reflci</span> <span class='ocrx_word' id='word_1_178' title='bbox 718 1510 770 1528; x_wconf 91' lang='lat' dir='ltr'>non</span> <span class='ocrx_word' id='word_1_179' title='bbox 790 1504 931 1534; x_wconf 91' lang='lat' dir='ltr'>potuerunt</span> 
     </span>
     <span class='ocr_line' id='line_1_30' title="bbox 289 1546 930 1583; baseline -0.012 -5"><span class='ocrx_word' id='word_1_180' title='bbox 289 1552 341 1578; x_wconf 85' lang='grc'>328</span> <span class='ocrx_word' id='word_1_181' title='bbox 361 1552 393 1577; x_wconf 89' lang='grc'>57</span> <span class='ocrx_word' id='word_1_182' title='bbox 408 1565 442 1570; x_wconf 94' lang='grc'>-</span> <span class='ocrx_word' id='word_1_183' title='bbox 455 1549 618 1583; x_wconf 79' lang='lat' dir='ltr'>quaerebant</span> <span class='ocrx_word' id='word_1_184' title='bbox 630 1549 664 1574; x_wconf 90' lang='lat' dir='ltr'>de</span> <span class='ocrx_word' id='word_1_185' title='bbox 682 1547 752 1573; x_wconf 86' lang='lat' dir='ltr'>bona</span> <span class='ocrx_word' id='word_1_186' title='bbox 766 1546 930 1578; x_wconf 84' lang='lat' dir='ltr'>operatione,</span> 
     </span>
     <span class='ocr_line' id='line_1_31' title="bbox 290 1590 932 1629; baseline -0.012 -7"><span class='ocrx_word' id='word_1_187' title='bbox 290 1597 351 1629; x_wconf 91' lang='lat' dir='ltr'>quia</span> <span class='ocrx_word' id='word_1_188' title='bbox 371 1603 419 1628; x_wconf 91' lang='lat' dir='ltr'>per</span> <span class='ocrx_word' id='word_1_189' title='bbox 437 1595 506 1621; x_wconf 73' lang='lat' dir='ltr'>illam</span> <span class='ocrx_word' id='word_1_190' title='bbox 524 1593 647 1619; x_wconf 89' lang='lat' dir='ltr'>volebant</span> <span class='ocrx_word' id='word_1_191' title='bbox 659 1592 749 1617; x_wconf 84' lang='lat' dir='ltr'>venire</span> <span class='ocrx_word' id='word_1_192' title='bbox 769 1591 794 1616; x_wconf 92' lang='grc'>10</span> <span class='ocrx_word' id='word_1_193' title='bbox 814 1590 932 1615; x_wconf 87' lang='lat' dir='ltr'>refectio·</span> 
     </span>
     <span class='ocr_line' id='line_1_32' title="bbox 290 1635 930 1667; baseline -0.013 0"><span class='ocrx_word' id='word_1_194' title='bbox 290 1647 349 1667; x_wconf 88' lang='lat' dir='ltr'>nem</span> <span class='ocrx_word' id='word_1_195' title='bbox 379 1641 430 1666; x_wconf 85' lang='lat'>326</span> <span class='ocrx_word' id='word_1_196' title='bbox 461 1639 493 1664; x_wconf 91' lang='lat'>44</span> <span class='ocrx_word' id='word_1_197' title='bbox 513 1653 547 1657; x_wconf 82' lang='lat'>——</span> <span class='ocrx_word' id='word_1_198' title='bbox 567 1637 624 1663; x_wconf 92' lang='lat' dir='ltr'>elati</span> <span class='ocrx_word' id='word_1_199' title='bbox 654 1636 687 1661; x_wconf 90' lang='lat' dir='ltr'>de</span> <span class='ocrx_word' id='word_1_200' title='bbox 717 1635 799 1667; x_wconf 84' lang='lat' dir='ltr'>gioria</span> <span class='ocrx_word' id='word_1_201' title='bbox 825 1635 930 1660; x_wconf 85' lang='lat' dir='ltr'>Patrum</span> 
     </span>
     <span class='ocr_line' id='line_1_33' title="bbox 289 1678 901 1717; baseline -0.013 -5"><span class='ocrx_word' id='word_1_202' title='bbox 289 1686 505 1717; x_wconf 89' lang='lat' dir='ltr'>contempserunt</span> <span class='ocrx_word' id='word_1_203' title='bbox 523 1681 679 1708; x_wconf 84' lang='lat' dir='ltr'>miraculum</span> <span class='ocrx_word' id='word_1_204' title='bbox 699 1679 792 1706; x_wconf 80' lang='lat' dir='ltr'>Christi</span> <span class='ocrx_word' id='word_1_205' title='bbox 812 1678 844 1705; x_wconf 82' lang='lat' dir='ltr'>ib.</span> <span class='ocrx_word' id='word_1_206' title='bbox 870 1679 901 1704; x_wconf 95' lang='lat'>47</span> 
     </span>
    </p>

    <p class='ocr_par' dir='ltr' id='par_1_5' title="bbox 291 1724 932 2154">
     <span class='ocr_line' id='line_1_34' title="bbox 344 1724 930 1757; baseline -0.012 -2"><span class='ocrx_word' id='word_1_207' title='bbox 344 1744 378 1748; x_wconf 86' lang='grc'>-</span> <span class='ocrx_word' id='word_1_208' title='bbox 406 1727 544 1754; x_wconf 79' lang='lat' dir='ltr'>assuefacti</span> <span class='ocrx_word' id='word_1_209' title='bbox 572 1728 646 1751; x_wconf 89' lang='lat' dir='ltr'>erant</span> <span class='ocrx_word' id='word_1_210' title='bbox 673 1731 801 1757; x_wconf 77' lang='lat' dir='ltr'>quaerere</span> <span class='ocrx_word' id='word_1_211' title='bbox 825 1724 930 1756; x_wconf 77' lang='lat' dir='ltr'>signum</span> 
     </span>
     <span class='ocr_line' id='line_1_35' title="bbox 292 1769 931 1801; baseline -0.011 -1"><span class='ocrx_word' id='word_1_212' title='bbox 292 1775 326 1800; x_wconf 90' lang='lat' dir='ltr'>‹le</span> <span class='ocrx_word' id='word_1_213' title='bbox 345 1774 417 1800; x_wconf 90' lang='lat' dir='ltr'>caelo</span> <span class='ocrx_word' id='word_1_214' title='bbox 437 1773 480 1797; x_wconf 88' lang='lat' dir='ltr'>Vll</span> <span class='ocrx_word' id='word_1_215' title='bbox 500 1771 551 1796; x_wconf 88' lang='lat'>290</span> <span class='ocrx_word' id='word_1_216' title='bbox 573 1770 600 1795; x_wconf 86' lang='lat'>44</span> <span class='ocrx_word' id='word_1_217' title='bbox 625 1783 659 1787; x_wconf 91' lang='lat'>—</span> <span class='ocrx_word' id='word_1_218' title='bbox 675 1769 781 1801; x_wconf 85' lang='lat' dir='ltr'>signum</span> <span class='ocrx_word' id='word_1_219' title='bbox 801 1770 931 1801; x_wconf 89' lang='lat' dir='ltr'>quaerunt</span> 
     </span>
     <span class='ocr_line' id='line_1_36' title="bbox 291 1813 930 1849; baseline -0.009 -5"><span class='ocrx_word' id='word_1_220' title='bbox 291 1819 325 1844; x_wconf 93' lang='lat' dir='ltr'>de</span> <span class='ocrx_word' id='word_1_221' title='bbox 344 1818 430 1848; x_wconf 82' lang='grc'>03010,</span> <span class='ocrx_word' id='word_1_222' title='bbox 459 1815 534 1849; x_wconf 84' lang='lat' dir='ltr'>quasi</span> <span class='ocrx_word' id='word_1_223' title='bbox 557 1815 596 1839; x_wconf 88' lang='lat' dir='ltr'>illa</span> <span class='ocrx_word' id='word_1_224' title='bbox 626 1820 695 1846; x_wconf 89' lang='lat' dir='ltr'>quae</span> <span class='ocrx_word' id='word_1_225' title='bbox 723 1813 854 1845; x_wconf 88' lang='lat' dir='ltr'>viderant,</span> <span class='ocrx_word' id='word_1_226' title='bbox 879 1820 930 1838; x_wconf 93' lang='lat' dir='ltr'>non</span> 
     </span>
     <span class='ocr_line' id='line_1_37' title="bbox 293 1857 931 1892; baseline -0.009 -4"><span class='ocrx_word' id='word_1_227' title='bbox 293 1863 388 1888; x_wconf 88' lang='lat' dir='ltr'>fuerint</span> <span class='ocrx_word' id='word_1_228' title='bbox 407 1861 480 1892; x_wconf 83' lang='lat' dir='ltr'>sigua</span> <span class='ocrx_word' id='word_1_229' title='bbox 501 1859 551 1884; x_wconf 88' lang='lat'>298</span> <span class='ocrx_word' id='word_1_230' title='bbox 572 1858 606 1883; x_wconf 88' lang='grc'>64</span> <span class='ocrx_word' id='word_1_231' title='bbox 632 1873 666 1876; x_wconf 92' lang='grc'>-</span> <span class='ocrx_word' id='word_1_232' title='bbox 691 1857 837 1889; x_wconf 83' lang='lat' dir='ltr'>arguebant</span> <span class='ocrx_word' id='word_1_233' title='bbox 861 1857 931 1883; x_wconf 90' lang='lat' dir='ltr'>Chri-</span> 
     </span>
     <span class='ocr_line' id='line_1_38' title="bbox 292 1902 930 1938; baseline -0.009 -5"><span class='ocrx_word' id='word_1_234' title='bbox 292 1911 371 1936; x_wconf 85' lang='lat' dir='ltr'>stum,</span> <span class='ocrx_word' id='word_1_235' title='bbox 391 1905 453 1938; x_wconf 88' lang='lat' dir='ltr'>quia</span> <span class='ocrx_word' id='word_1_236' title='bbox 474 1911 525 1929; x_wconf 89' lang='lat' dir='ltr'>non</span> <span class='ocrx_word' id='word_1_237' title='bbox 545 1902 654 1929; x_wconf 76' lang='lat' dir='ltr'>faciebat</span> <span class='ocrx_word' id='word_1_238' title='bbox 673 1903 797 1928; x_wconf 85' lang='lat' dir='ltr'>miracula</span> <span class='ocrx_word' id='word_1_239' title='bbox 818 1903 843 1927; x_wconf 89' lang='lat' dir='ltr'>in</span> <span class='ocrx_word' id='word_1_240' title='bbox 864 1906 930 1927; x_wconf 90' lang='lat' dir='ltr'>terra</span> 
     </span>
     <span class='ocr_line' id='line_1_39' title="bbox 292 1947 931 1983; baseline -0.008 -7"><span class='ocrx_word' id='word_1_241' title='bbox 292 1951 399 1983; x_wconf 89' lang='lat' dir='ltr'>propria</span> <span class='ocrx_word' id='word_1_242' title='bbox 417 1949 462 1974; x_wconf 87' lang='lat'>404</span> <span class='ocrx_word' id='word_1_243' title='bbox 484 1948 517 1973; x_wconf 87' lang='grc'>50</span> <span class='ocrx_word' id='word_1_244' title='bbox 528 1962 563 1967; x_wconf 91' lang='lat'>—-</span> <span class='ocrx_word' id='word_1_245' title='bbox 577 1947 675 1979; x_wconf 84' lang='lat' dir='ltr'>indigni</span> <span class='ocrx_word' id='word_1_246' title='bbox 689 1950 762 1973; x_wconf 88' lang='lat' dir='ltr'>erant</span> <span class='ocrx_word' id='word_1_247' title='bbox 774 1947 808 1973; x_wconf 87' lang='lat' dir='ltr'>ad</span> <span class='ocrx_word' id='word_1_248' title='bbox 821 1947 931 1972; x_wconf 89' lang='lat' dir='ltr'>miracu-</span> 
     </span>
     <span class='ocr_line' id='line_1_40' title="bbox 292 1991 932 2024; baseline -0.006 -3"><span class='ocrx_word' id='word_1_249' title='bbox 292 1996 379 2021; x_wconf 91' lang='lat' dir='ltr'>lorum</span> <span class='ocrx_word' id='word_1_250' title='bbox 402 1992 595 2024; x_wconf 77' lang='lat' dir='ltr'>susceptionem</span> <span class='ocrx_word' id='word_1_251' title='bbox 617 1992 666 2017; x_wconf 84' lang='lat'>402</span> <span class='ocrx_word' id='word_1_252' title='bbox 691 1992 724 2017; x_wconf 96' lang='lat'>54</span> <span class='ocrx_word' id='word_1_253' title='bbox 744 2006 778 2010; x_wconf 90' lang='lat'>—</span> <span class='ocrx_word' id='word_1_254' title='bbox 798 1991 932 2017; x_wconf 86' lang='lat' dir='ltr'>miraculis</span> 
     </span>
     <span class='ocr_line' id='line_1_41' title="bbox 292 2035 932 2072; baseline -0.005 -8"><span class='ocrx_word' id='word_1_255' title='bbox 292 2039 430 2072; x_wconf 86' lang='lat' dir='ltr'>privantur</span> <span class='ocrx_word' id='word_1_256' title='bbox 446 2044 460 2062; x_wconf 93' lang='lat' dir='ltr'>a</span> <span class='ocrx_word' id='word_1_257' title='bbox 474 2037 575 2063; x_wconf 90' lang='lat' dir='ltr'>Christo</span> <span class='ocrx_word' id='word_1_258' title='bbox 589 2035 650 2063; x_wconf 79' lang='lat' dir='ltr'>ibid.</span> <span class='ocrx_word' id='word_1_259' title='bbox 663 2051 697 2055; x_wconf 88' lang='lat'><strong>—</strong></span> <span class='ocrx_word' id='word_1_260' title='bbox 711 2036 875 2068; x_wconf 84' lang='lat' dir='ltr'>denegantur</span> <span class='ocrx_word' id='word_1_261' title='bbox 894 2036 932 2061; x_wconf 88' lang='lat' dir='ltr'>eis</span> 
     </span>
     <span class='ocr_line' id='line_1_42' title="bbox 292 2080 931 2116; baseline -0.006 -7"><span class='ocrx_word' id='word_1_262' title='bbox 292 2083 365 2116; x_wconf 83' lang='lat' dir='ltr'>signa</span> <span class='ocrx_word' id='word_1_263' title='bbox 385 2082 518 2112; x_wconf 86' lang='lat' dir='ltr'>caelestia,</span> <span class='ocrx_word' id='word_1_264' title='bbox 537 2081 584 2107; x_wconf 86' lang='lat' dir='ltr'>sed</span> <span class='ocrx_word' id='word_1_265' title='bbox 603 2081 781 2107; x_wconf 86' lang='lat' dir='ltr'>conceduntur</span> <span class='ocrx_word' id='word_1_266' title='bbox 802 2080 931 2106; x_wconf 84' lang='lat' dir='ltr'>terrestria</span> 
     </span>
     <span class='ocr_line' id='line_1_43' title="bbox 294 2127 399 2154; baseline -0.019 0"><span class='ocrx_word' id='word_1_267' title='bbox 294 2128 344 2154; x_wconf 85' lang='lat'>298</span> <span class='ocrx_word' id='word_1_268' title='bbox 365 2127 399 2153; x_wconf 88' lang='lat'>64</span> 
     </span>
    </p>

    <p class='ocr_par' dir='ltr' id='par_1_6' title="bbox 292 2170 937 2955">
     <span class='ocr_line' id='line_1_44' title="bbox 345 2170 931 2204; baseline -0.003 -7"><span class='ocrx_word' id='word_1_269' title='bbox 345 2186 380 2191; x_wconf 93' lang='lat'>—</span> <span class='ocrx_word' id='word_1_270' title='bbox 399 2172 474 2197; x_wconf 89' lang='lat' dir='ltr'>stulte</span> <span class='ocrx_word' id='word_1_271' title='bbox 502 2174 632 2204; x_wconf 87' lang='lat' dir='ltr'>quaerunt</span> <span class='ocrx_word' id='word_1_272' title='bbox 655 2178 669 2196; x_wconf 87' lang='lat' dir='ltr'>a</span> <span class='ocrx_word' id='word_1_273' title='bbox 694 2170 796 2197; x_wconf 89' lang='lat' dir='ltr'>Christo</span> <span class='ocrx_word' id='word_1_274' title='bbox 825 2171 931 2202; x_wconf 80' lang='lat' dir='ltr'>signum</span> 
     </span>
     <span class='ocr_line' id='line_1_45' title="bbox 292 2213 931 2248; baseline -0.005 -7"><span class='ocrx_word' id='word_1_275' title='bbox 292 2215 425 2248; x_wconf 88' lang='lat' dir='ltr'>potestatis</span> <span class='ocrx_word' id='word_1_276' title='bbox 445 2215 477 2240; x_wconf 87' lang='lat' dir='ltr'>Vl</span> <span class='ocrx_word' id='word_1_277' title='bbox 497 2215 548 2240; x_wconf 88' lang='grc'>276</span> <span class='ocrx_word' id='word_1_278' title='bbox 568 2215 601 2240; x_wconf 91' lang='grc'>32</span> <span class='ocrx_word' id='word_1_279' title='bbox 616 2229 648 2234; x_wconf 86' lang='lat'><em>-</em></span> <span class='ocrx_word' id='word_1_280' title='bbox 662 2217 791 2248; x_wconf 88' lang='lat' dir='ltr'>quaerunt</span> <span class='ocrx_word' id='word_1_281' title='bbox 810 2214 883 2245; x_wconf 78' lang='lat' dir='ltr'>signa</span> <span class='ocrx_word' id='word_1_282' title='bbox 898 2213 931 2238; x_wconf 90' lang='lat' dir='ltr'>ad</span> 
     </span>
     <span class='ocr_line' id='line_1_46' title="bbox 292 2258 932 2287; baseline -0.006 0"><span class='ocrx_word' id='word_1_283' title='bbox 292 2260 453 2287; x_wconf 90' lang='lat' dir='ltr'>credendum</span> <span class='ocrx_word' id='word_1_284' title='bbox 468 2260 518 2285; x_wconf 87' lang='lat'>348</span> <span class='ocrx_word' id='word_1_285' title='bbox 540 2261 554 2285; x_wconf 89' lang='grc'><strong>3</strong></span> <span class='ocrx_word' id='word_1_286' title='bbox 568 2274 602 2277; x_wconf 93' lang='grc'>-</span> <span class='ocrx_word' id='word_1_287' title='bbox 616 2260 780 2285; x_wconf 85' lang='lat' dir='ltr'>attrahuntur</span> <span class='ocrx_word' id='word_1_288' title='bbox 796 2261 822 2284; x_wconf 88' lang='lat' dir='ltr'>et</span> <span class='ocrx_word' id='word_1_289' title='bbox 840 2258 932 2284; x_wconf 84' lang='lat' dir='ltr'>conflr-</span> 
     </span>
     <span class='ocr_line' id='line_1_47' title="bbox 292 2302 930 2336; baseline -0.006 -5"><span class='ocrx_word' id='word_1_290' title='bbox 292 2308 397 2331; x_wconf 87' lang='lat' dir='ltr'>mantur</span> <span class='ocrx_word' id='word_1_291' title='bbox 426 2307 533 2336; x_wconf 87' lang='lat' dir='ltr'>propter</span> <span class='ocrx_word' id='word_1_292' title='bbox 561 2304 634 2335; x_wconf 84' lang='lat' dir='ltr'>signa</span> <span class='ocrx_word' id='word_1_293' title='bbox 663 2310 676 2328; x_wconf 89' lang='lat' dir='ltr'>a</span> <span class='ocrx_word' id='word_1_294' title='bbox 699 2302 801 2329; x_wconf 89' lang='lat' dir='ltr'>Christo</span> <span class='ocrx_word' id='word_1_295' title='bbox 829 2305 930 2334; x_wconf 87' lang='lat' dir='ltr'>patrata</span> 
     </span>
     <span class='ocr_line' id='line_1_48' title="bbox 292 2348 932 2378; baseline -0.008 -2"><span class='ocrx_word' id='word_1_296' title='bbox 292 2349 355 2376; x_wconf 77' lang='lat' dir='ltr'>ibid.</span> <span class='ocrx_word' id='word_1_297' title='bbox 375 2363 411 2368; x_wconf 89' lang='lat'>—</span> <span class='ocrx_word' id='word_1_298' title='bbox 430 2348 651 2374; x_wconf 79' lang='lat' dir='ltr'>convertebantur</span> <span class='ocrx_word' id='word_1_299' title='bbox 671 2348 704 2373; x_wconf 88' lang='lat' dir='ltr'>ad</span> <span class='ocrx_word' id='word_1_300' title='bbox 725 2348 803 2372; x_wconf 86' lang='lat' dir='ltr'>fldem</span> <span class='ocrx_word' id='word_1_301' title='bbox 825 2350 932 2378; x_wconf 89' lang='lat' dir='ltr'>propter</span> 
     </span>
     <span class='ocr_line' id='line_1_49' title="bbox 294 2390 934 2426; baseline -0.006 -7"><span class='ocrx_word' id='word_1_302' title='bbox 294 2395 368 2426; x_wconf 84' lang='lat' dir='ltr'>signa</span> <span class='ocrx_word' id='word_1_303' title='bbox 383 2393 434 2419; x_wconf 91' lang='grc'>474</span> <span class='ocrx_word' id='word_1_304' title='bbox 454 2394 486 2418; x_wconf 87' lang='grc'>38</span> <span class='ocrx_word' id='word_1_305' title='bbox 506 2406 541 2412; x_wconf 93' lang='grc'>-</span> <span class='ocrx_word' id='word_1_306' title='bbox 560 2392 668 2418; x_wconf 85' lang='lat' dir='ltr'>sollicite</span> <span class='ocrx_word' id='word_1_307' title='bbox 686 2391 850 2424; x_wconf 86' lang='lat' dir='ltr'>quaerebant</span> <span class='ocrx_word' id='word_1_308' title='bbox 863 2390 934 2416; x_wconf 93' lang='lat' dir='ltr'>Chri-</span> 
     </span>
     <span class='ocr_line' id='line_1_50' title="bbox 293 2435 933 2470; baseline -0.006 -7"><span class='ocrx_word' id='word_1_309' title='bbox 293 2441 362 2463; x_wconf 89' lang='lat' dir='ltr'>stum</span> <span class='ocrx_word' id='word_1_310' title='bbox 376 2441 483 2470; x_wconf 90' lang='lat' dir='ltr'>propter</span> <span class='ocrx_word' id='word_1_311' title='bbox 503 2437 589 2463; x_wconf 86' lang='lat' dir='ltr'>visum</span> <span class='ocrx_word' id='word_1_312' title='bbox 602 2436 759 2462; x_wconf 86' lang='lat' dir='ltr'>miraculum</span> <span class='ocrx_word' id='word_1_313' title='bbox 781 2435 831 2460; x_wconf 89' lang='lat'>324</span> <span class='ocrx_word' id='word_1_314' title='bbox 852 2435 885 2460; x_wconf 89' lang='grc'>37</span> <span class='ocrx_word' id='word_1_315' title='bbox 899 2449 933 2453; x_wconf 94' lang='grc'><strong>-</strong></span> 
     </span>
     <span class='ocr_line' id='line_1_51' title="bbox 295 2479 932 2513; baseline -0.006 -6"><span class='ocrx_word' id='word_1_316' title='bbox 295 2481 384 2507; x_wconf 89' lang='lat' dir='ltr'>Turba</span> <span class='ocrx_word' id='word_1_317' title='bbox 413 2482 521 2513; x_wconf 85' lang='lat' dir='ltr'>simplex</span> <span class='ocrx_word' id='word_1_318' title='bbox 550 2481 705 2506; x_wconf 88' lang='lat' dir='ltr'>ludaeorum</span> <span class='ocrx_word' id='word_1_319' title='bbox 735 2480 829 2505; x_wconf 90' lang='lat' dir='ltr'>videns</span> <span class='ocrx_word' id='word_1_320' title='bbox 859 2479 932 2510; x_wconf 79' lang='lat' dir='ltr'>signa</span> 
     </span>
     <span class='ocr_line' id='line_1_52' title="bbox 295 2523 933 2551; baseline -0.005 0"><span class='ocrx_word' id='word_1_321' title='bbox 295 2525 451 2551; x_wconf 83' lang='lat' dir='ltr'>movebatur</span> <span class='ocrx_word' id='word_1_322' title='bbox 470 2526 502 2551; x_wconf 88' lang='lat' dir='ltr'>ad</span> <span class='ocrx_word' id='word_1_323' title='bbox 518 2525 597 2551; x_wconf 83' lang='lat' dir='ltr'>fldem</span> <span class='ocrx_word' id='word_1_324' title='bbox 614 2528 639 2550; x_wconf 92' lang='lat' dir='ltr'>et</span> <span class='ocrx_word' id='word_1_325' title='bbox 653 2524 820 2550; x_wconf 85' lang='lat' dir='ltr'>devotionem</span> <span class='ocrx_word' id='word_1_326' title='bbox 835 2523 886 2549; x_wconf 88' lang='lat'>445</span> <span class='ocrx_word' id='word_1_327' title='bbox 901 2523 933 2548; x_wconf 89' lang='grc'>24</span> 
     </span>
     <span class='ocr_line' id='line_1_53' title="bbox 306 2568 934 2603; baseline -0.002 -9"><span class='ocrx_word' id='word_1_328' title='bbox 306 2601 308 2603; x_wconf 67' lang='lat'>‚</span> <span class='ocrx_word' id='word_1_329' title='bbox 348 2584 382 2587; x_wconf 87' lang='lat'>-—</span> <span class='ocrx_word' id='word_1_330' title='bbox 402 2577 451 2594; x_wconf 92' lang='grc'>000</span> <span class='ocrx_word' id='word_1_331' title='bbox 472 2572 592 2600; x_wconf 74' lang='lat' dir='ltr'>poterant</span> <span class='ocrx_word' id='word_1_332' title='bbox 618 2569 725 2595; x_wconf 89' lang='lat' dir='ltr'>credere</span> <span class='ocrx_word' id='word_1_333' title='bbox 745 2569 768 2593; x_wconf 92' lang='grc'>111</span> <span class='ocrx_word' id='word_1_334' title='bbox 789 2568 934 2599; x_wconf 85' lang='lat' dir='ltr'>Christum,</span> 
     </span>
     <span class='ocr_line' id='line_1_54' title="bbox 296 2613 934 2646; baseline -0.003 -7"><span class='ocrx_word' id='word_1_335' title='bbox 296 2614 356 2646; x_wconf 90' lang='lat' dir='ltr'>quia</span> <span class='ocrx_word' id='word_1_336' title='bbox 377 2614 504 2639; x_wconf 87' lang='lat' dir='ltr'>excaecati</span> <span class='ocrx_word' id='word_1_337' title='bbox 529 2616 602 2638; x_wconf 89' lang='lat' dir='ltr'>erant</span> <span class='ocrx_word' id='word_1_338' title='bbox 621 2614 652 2638; x_wconf 88' lang='lat' dir='ltr'>Vl</span> <span class='ocrx_word' id='word_1_339' title='bbox 678 2613 728 2638; x_wconf 86' lang='lat'>422</span> <span class='ocrx_word' id='word_1_340' title='bbox 749 2613 781 2638; x_wconf 83' lang='lat'>58</span> <span class='ocrx_word' id='word_1_341' title='bbox 808 2626 841 2630; x_wconf 91' lang='lat'>—</span> <span class='ocrx_word' id='word_1_342' title='bbox 866 2613 934 2637; x_wconf 92' lang='lat' dir='ltr'>iusto</span> 
     </span>
     <span class='ocr_line' id='line_1_55' title="bbox 297 2656 935 2688; baseline -0.002 -6"><span class='ocrx_word' id='word_1_343' title='bbox 297 2658 394 2683; x_wconf 89' lang='lat' dir='ltr'>iudicio</span> <span class='ocrx_word' id='word_1_344' title='bbox 414 2657 459 2682; x_wconf 87' lang='lat' dir='ltr'>Dei</span> <span class='ocrx_word' id='word_1_345' title='bbox 485 2657 612 2682; x_wconf 88' lang='lat' dir='ltr'>excaecati</span> <span class='ocrx_word' id='word_1_346' title='bbox 632 2659 718 2687; x_wconf 88' lang='lat' dir='ltr'>erant,</span> <span class='ocrx_word' id='word_1_347' title='bbox 738 2660 765 2682; x_wconf 93' lang='lat' dir='ltr'>ut</span> <span class='ocrx_word' id='word_1_348' title='bbox 789 2664 841 2682; x_wconf 90' lang='grc'>000</span> <span class='ocrx_word' id='word_1_349' title='bbox 862 2656 935 2688; x_wconf 89' lang='lat' dir='ltr'>spiri-</span> 
     </span>
     <span class='ocr_line' id='line_1_56' title="bbox 299 2699 936 2732; baseline -0.003 -5"><span class='ocrx_word' id='word_1_350' title='bbox 299 2702 399 2728; x_wconf 81' lang='lat' dir='ltr'>tualiter</span> <span class='ocrx_word' id='word_1_351' title='bbox 426 2701 597 2732; x_wconf 80' lang='lat' dir='ltr'>intelligerent</span> <span class='ocrx_word' id='word_1_352' title='bbox 620 2700 750 2726; x_wconf 81' lang='lat' dir='ltr'>Christum</span> <span class='ocrx_word' id='word_1_353' title='bbox 776 2701 822 2725; x_wconf 87' lang='lat'>374</span> <span class='ocrx_word' id='word_1_354' title='bbox 847 2699 880 2725; x_wconf 83' lang='lat'>84</span> <span class='ocrx_word' id='word_1_355' title='bbox 901 2713 936 2719; x_wconf 89' lang='lat'>·—-</span> 
     </span>
     <span class='ocr_line' id='line_1_57' title="bbox 299 2743 937 2771; baseline -0.005 0"><span class='ocrx_word' id='word_1_356' title='bbox 299 2745 449 2771; x_wconf 82' lang='lat' dir='ltr'>Excaecatio</span> <span class='ocrx_word' id='word_1_357' title='bbox 469 2744 623 2769; x_wconf 89' lang='lat' dir='ltr'>ludaeorum</span> <span class='ocrx_word' id='word_1_358' title='bbox 637 2744 751 2769; x_wconf 85' lang='lat' dir='ltr'>innuitur</span> <span class='ocrx_word' id='word_1_359' title='bbox 764 2743 937 2770; x_wconf 80' lang='lat' dir='ltr'>absconsione</span> 
     </span>
     <span class='ocr_line' id='line_1_58' title="bbox 300 2788 937 2820; baseline -0.002 -6"><span class='ocrx_word' id='word_1_360' title='bbox 300 2789 403 2815; x_wconf 83' lang='lat' dir='ltr'>Domini</span> <span class='ocrx_word' id='word_1_361' title='bbox 425 2788 470 2814; x_wconf 84' lang='lat'>424</span> <span class='ocrx_word' id='word_1_362' title='bbox 495 2788 529 2812; x_wconf 83' lang='grc'>55</span> <span class='ocrx_word' id='word_1_363' title='bbox 542 2802 577 2806; x_wconf 93' lang='grc'>-</span> <span class='ocrx_word' id='word_1_364' title='bbox 590 2788 651 2820; x_wconf 84' lang='lat' dir='ltr'>quia</span> <span class='ocrx_word' id='word_1_365' title='bbox 671 2788 809 2814; x_wconf 81' lang='lat' dir='ltr'>noluerunt</span> <span class='ocrx_word' id='word_1_366' title='bbox 827 2788 852 2813; x_wconf 88' lang='lat' dir='ltr'>in</span> <span class='ocrx_word' id='word_1_367' title='bbox 867 2788 937 2814; x_wconf 90' lang='lat' dir='ltr'>Chri-</span> 
     </span>
     <span class='ocr_line' id='line_1_59' title="bbox 299 2832 936 2864; baseline -0.003 -5"><span class='ocrx_word' id='word_1_368' title='bbox 299 2837 367 2859; x_wconf 77' lang='lat' dir='ltr'>stum</span> <span class='ocrx_word' id='word_1_369' title='bbox 388 2832 510 2862; x_wconf 86' lang='lat' dir='ltr'>credere,</span> <span class='ocrx_word' id='word_1_370' title='bbox 530 2832 656 2857; x_wconf 86' lang='lat' dir='ltr'>excaecati</span> <span class='ocrx_word' id='word_1_371' title='bbox 677 2834 736 2857; x_wconf 88' lang='lat' dir='ltr'>suut</span> <span class='ocrx_word' id='word_1_372' title='bbox 754 2835 779 2857; x_wconf 91' lang='lat' dir='ltr'>et</span> <span class='ocrx_word' id='word_1_373' title='bbox 804 2832 936 2864; x_wconf 85' lang='lat' dir='ltr'>reprobati</span> 
     </span>
     <span class='ocr_line' id='line_1_60' title="bbox 301 2876 936 2906; baseline -0.002 -4"><span class='ocrx_word' id='word_1_374' title='bbox 301 2878 344 2903; x_wconf 85' lang='lat' dir='ltr'>vu</span> <span class='ocrx_word' id='word_1_375' title='bbox 366 2877 415 2902; x_wconf 86' lang='lat'>498</span> <span class='ocrx_word' id='word_1_376' title='bbox 430 2877 463 2902; x_wconf 87' lang='lat'>69</span> <span class='ocrx_word' id='word_1_377' title='bbox 484 2891 517 2894; x_wconf 67' lang='lat'>—</span> <span class='ocrx_word' id='word_1_378' title='bbox 537 2876 664 2902; x_wconf 87' lang='lat' dir='ltr'>excaecati</span> <span class='ocrx_word' id='word_1_379' title='bbox 678 2879 738 2901; x_wconf 88' lang='lat' dir='ltr'>sunt</span> <span class='ocrx_word' id='word_1_380' title='bbox 756 2879 781 2901; x_wconf 88' lang='grc'>01</span> <span class='ocrx_word' id='word_1_381' title='bbox 800 2876 936 2906; x_wconf 85' lang='lat' dir='ltr'>obdurati,</span> 
     </span>
     <span class='ocr_line' id='line_1_61' title="bbox 301 2919 826 2955; baseline -0.006 -8"><span class='ocrx_word' id='word_1_382' title='bbox 301 2922 361 2955; x_wconf 86' lang='lat' dir='ltr'>quia</span> <span class='ocrx_word' id='word_1_383' title='bbox 383 2921 492 2954; x_wconf 83' lang='lat' dir='ltr'>gratiam</span> <span class='ocrx_word' id='word_1_384' title='bbox 513 2919 704 2952; x_wconf 78' lang='lat' dir='ltr'>impugnabant</span> <span class='ocrx_word' id='word_1_385' title='bbox 724 2920 773 2944; x_wconf 89' lang='lat'>477</span> <span class='ocrx_word' id='word_1_386' title='bbox 794 2921 826 2945; x_wconf 88' lang='grc'>16</span> 
     </span>
    </p>

    <p class='ocr_par' dir='ltr' id='par_1_7' title="bbox 300 2964 942 3174">
     <span class='ocr_line' id='line_1_62' title="bbox 354 2964 937 2996; baseline -0.003 -5"><span class='ocrx_word' id='word_1_387' title='bbox 354 2980 389 2985; x_wconf 91' lang='grc'>-</span> <span class='ocrx_word' id='word_1_388' title='bbox 414 2968 599 2996; x_wconf 72' lang='lat' dir='ltr'>excaecantur,</span> <span class='ocrx_word' id='word_1_389' title='bbox 624 2970 684 2989; x_wconf 81' lang='lat' dir='ltr'>cum</span> <span class='ocrx_word' id='word_1_390' title='bbox 704 2971 732 2989; x_wconf 88' lang='lat' dir='ltr'>se</span> <span class='ocrx_word' id='word_1_391' title='bbox 752 2964 842 2989; x_wconf 88' lang='lat' dir='ltr'>videre</span> <span class='ocrx_word' id='word_1_392' title='bbox 860 2971 937 2996; x_wconf 88' lang='lat' dir='ltr'>repu-</span> 
     </span>
     <span class='ocr_line' id='line_1_63' title="bbox 302 3008 940 3040; baseline -0.005 -4"><span class='ocrx_word' id='word_1_393' title='bbox 302 3014 355 3037; x_wconf 87' lang='lat' dir='ltr'>tant</span> <span class='ocrx_word' id='word_1_394' title='bbox 374 3011 405 3035; x_wconf 90' lang='lat' dir='ltr'>Vl</span> <span class='ocrx_word' id='word_1_395' title='bbox 427 3011 472 3035; x_wconf 85' lang='grc'>381</span> <span class='ocrx_word' id='word_1_396' title='bbox 498 3010 531 3035; x_wconf 88' lang='grc'>50</span> <span class='ocrx_word' id='word_1_397' title='bbox 551 3023 585 3027; x_wconf 89' lang='grc'>-</span> <span class='ocrx_word' id='word_1_398' title='bbox 604 3008 732 3034; x_wconf 83' lang='lat' dir='ltr'>excaecati</span> <span class='ocrx_word' id='word_1_399' title='bbox 755 3011 815 3033; x_wconf 89' lang='lat' dir='ltr'>sunt</span> <span class='ocrx_word' id='word_1_400' title='bbox 834 3012 940 3040; x_wconf 88' lang='lat' dir='ltr'>propter</span> 
     </span>
     <span class='ocr_line' id='line_1_64' title="bbox 301 3051 941 3085; baseline -0.005 -5"><span class='ocrx_word' id='word_1_401' title='bbox 301 3055 426 3080; x_wconf 90' lang='lat' dir='ltr'>malitiam</span> <span class='ocrx_word' id='word_1_402' title='bbox 447 3058 472 3079; x_wconf 91' lang='lat' dir='ltr'>et</span> <span class='ocrx_word' id='word_1_403' title='bbox 492 3054 662 3085; x_wconf 81' lang='lat' dir='ltr'>pertinaciam</span> <span class='ocrx_word' id='word_1_404' title='bbox 683 3051 744 3078; x_wconf 81' lang='lat' dir='ltr'>ibid.</span> <span class='ocrx_word' id='word_1_405' title='bbox 764 3067 798 3070; x_wconf 90' lang='lat'>——</span> <span class='ocrx_word' id='word_1_406' title='bbox 818 3056 878 3077; x_wconf 91' lang='lat' dir='ltr'>sunt</span> <span class='ocrx_word' id='word_1_407' title='bbox 902 3060 941 3078; x_wconf 91' lang='lat' dir='ltr'>ex-</span> 
     </span>
     <span class='ocr_line' id='line_1_65' title="bbox 300 3096 942 3131; baseline -0.002 -9"><span class='ocrx_word' id='word_1_408' title='bbox 300 3099 412 3129; x_wconf 79' lang='lat' dir='ltr'>caecati,</span> <span class='ocrx_word' id='word_1_409' title='bbox 441 3098 502 3131; x_wconf 82' lang='lat' dir='ltr'>quia</span> <span class='ocrx_word' id='word_1_410' title='bbox 528 3098 645 3124; x_wconf 83' lang='lat' dir='ltr'>videntes</span> <span class='ocrx_word' id='word_1_411' title='bbox 669 3096 807 3123; x_wconf 82' lang='lat' dir='ltr'>noluerunt</span> <span class='ocrx_word' id='word_1_412' title='bbox 835 3097 942 3121; x_wconf 86' lang='lat' dir='ltr'>credere</span> 
     </span>
     <span class='ocr_line' id='line_1_66' title="bbox 301 3142 424 3174; baseline -0.008 -6"><span class='ocrx_word' id='word_1_413' title='bbox 301 3142 370 3174; x_wconf 59' lang='lat' dir='ltr'>ibid,</span> <span class='ocrx_word' id='word_1_414' title='bbox 392 3143 424 3168; x_wconf 82' lang='lat'>52</span> 
     </span>
    </p>

    <p class='ocr_par' dir='ltr' id='par_1_8' title="bbox 302 3185 944 3432">
     <span class='ocr_line' id='line_1_67' title="bbox 354 3185 943 3212; baseline -0.003 0"><span class='ocrx_word' id='word_1_415' title='bbox 354 3200 388 3205; x_wconf 97' lang='lat'><strong>—</strong></span> <span class='ocrx_word' id='word_1_416' title='bbox 414 3187 568 3212; x_wconf 85' lang='lat' dir='ltr'>ludaeorum</span> <span class='ocrx_word' id='word_1_417' title='bbox 594 3187 740 3212; x_wconf 80' lang='lat' dir='ltr'>excaecatio</span> <span class='ocrx_word' id='word_1_418' title='bbox 768 3186 831 3211; x_wconf 88' lang='lat' dir='ltr'>iusta</span> <span class='ocrx_word' id='word_1_419' title='bbox 862 3185 943 3210; x_wconf 89' lang='lat' dir='ltr'>mani-</span> 
     </span>
     <span class='ocr_line' id='line_1_68' title="bbox 303 3231 943 3256; baseline -0.003 0"><span class='ocrx_word' id='word_1_420' title='bbox 303 3234 409 3256; x_wconf 80' lang='lat' dir='ltr'>festatur</span> <span class='ocrx_word' id='word_1_421' title='bbox 429 3238 442 3255; x_wconf 85' lang='lat' dir='ltr'>a</span> <span class='ocrx_word' id='word_1_422' title='bbox 471 3231 582 3256; x_wconf 86' lang='lat' dir='ltr'>Domino</span> <span class='ocrx_word' id='word_1_423' title='bbox 604 3231 634 3255; x_wconf 89' lang='lat' dir='ltr'>Vl</span> <span class='ocrx_word' id='word_1_424' title='bbox 664 3231 709 3256; x_wconf 87' lang='grc'>381</span> <span class='ocrx_word' id='word_1_425' title='bbox 743 3231 777 3256; x_wconf 88' lang='grc'>50</span> <span class='ocrx_word' id='word_1_426' title='bbox 798 3244 831 3248; x_wconf 86' lang='lat'>—-</span> <span class='ocrx_word' id='word_1_427' title='bbox 851 3237 881 3255; x_wconf 87' lang='lat' dir='ltr'>ex</span> <span class='ocrx_word' id='word_1_428' title='bbox 901 3237 943 3254; x_wconf 88' lang='lat' dir='ltr'>au·</span> 
     </span>
     <span class='ocr_line' id='line_1_69' title="bbox 302 3273 944 3305; baseline -0.002 -6"><span class='ocrx_word' id='word_1_429' title='bbox 302 3276 359 3300; x_wconf 83' lang='grc'>11110</span> <span class='ocrx_word' id='word_1_430' title='bbox 381 3275 496 3300; x_wconf 76' lang='lat' dir='ltr'>veritatis</span> <span class='ocrx_word' id='word_1_431' title='bbox 515 3282 565 3299; x_wconf 85' lang='lat' dir='ltr'>non</span> <span class='ocrx_word' id='word_1_432' title='bbox 585 3278 645 3299; x_wconf 91' lang='lat' dir='ltr'>sunt</span> <span class='ocrx_word' id='word_1_433' title='bbox 663 3275 770 3304; x_wconf 83' lang='lat' dir='ltr'>cruditi,</span> <span class='ocrx_word' id='word_1_434' title='bbox 790 3274 835 3300; x_wconf 84' lang='lat' dir='ltr'>sed</span> <span class='ocrx_word' id='word_1_435' title='bbox 856 3273 944 3305; x_wconf 87' lang='lat' dir='ltr'>potius</span> 
     </span>
     <span class='ocr_line' id='line_1_70' title="bbox 304 3318 944 3344; baseline 0.002 -2"><span class='ocrx_word' id='word_1_436' title='bbox 304 3319 431 3344; x_wconf 68' lang='lat' dir='ltr'>nxcaccati</span> <span class='ocrx_word' id='word_1_437' title='bbox 453 3322 477 3343; x_wconf 91' lang='grc'>01</span> <span class='ocrx_word' id='word_1_438' title='bbox 494 3319 550 3343; x_wconf 88' lang='lat' dir='ltr'>irati</span> <span class='ocrx_word' id='word_1_439' title='bbox 571 3319 613 3343; x_wconf 87' lang='lat' dir='ltr'>Vll</span> <span class='ocrx_word' id='word_1_440' title='bbox 638 3320 684 3344; x_wconf 90' lang='grc'>103</span> <span class='ocrx_word' id='word_1_441' title='bbox 705 3319 738 3343; x_wconf 77' lang='grc'>57</span> <span class='ocrx_word' id='word_1_442' title='bbox 759 3333 791 3337; x_wconf 91' lang='lat'>—</span> <span class='ocrx_word' id='word_1_443' title='bbox 812 3318 886 3344; x_wconf 81' lang='lat' dir='ltr'>Plebs</span> <span class='ocrx_word' id='word_1_444' title='bbox 906 3322 944 3344; x_wconf 91' lang='lat' dir='ltr'>tu-</span> 
     </span>
     <span class='ocr_line' id='line_1_71' title="bbox 305 3362 944 3389; baseline 0.002 -2"><span class='ocrx_word' id='word_1_445' title='bbox 305 3364 436 3389; x_wconf 83' lang='lat' dir='ltr'>multuans</span> <span class='ocrx_word' id='word_1_446' title='bbox 455 3362 650 3388; x_wconf 85' lang='lat' dir='ltr'>contradicebat</span> <span class='ocrx_word' id='word_1_447' title='bbox 668 3362 716 3388; x_wconf 82' lang='lat' dir='ltr'>sibi</span> <span class='ocrx_word' id='word_1_448' title='bbox 738 3362 788 3388; x_wconf 79' lang='grc'>348</span> <span class='ocrx_word' id='word_1_449' title='bbox 811 3363 841 3388; x_wconf 90' lang='lat'>44</span> <span class='ocrx_word' id='word_1_450' title='bbox 855 3376 891 3381; x_wconf 97' lang='lat'><strong>—</strong></span> <span class='ocrx_word' id='word_1_451' title='bbox 904 3369 944 3388; x_wconf 89' lang='lat' dir='ltr'>eo-</span> 
     </span>
     <span class='ocr_line' id='line_1_72' title="bbox 303 3407 941 3432; baseline 0.002 -1"><span class='ocrx_word' id='word_1_452' title='bbox 303 3413 361 3431; x_wconf 88' lang='lat' dir='ltr'>rum</span> <span class='ocrx_word' id='word_1_453' title='bbox 378 3408 438 3432; x_wconf 77' lang='lat' dir='ltr'>falsa</span> <span class='ocrx_word' id='word_1_454' title='bbox 453 3407 607 3432; x_wconf 84' lang='lat' dir='ltr'>existimatio</span> <span class='ocrx_word' id='word_1_455' title='bbox 621 3410 646 3432; x_wconf 87' lang='grc'>01</span> <span class='ocrx_word' id='word_1_456' title='bbox 660 3407 770 3432; x_wconf 87' lang='lat' dir='ltr'>caecitas</span> <span class='ocrx_word' id='word_1_457' title='bbox 780 3407 898 3432; x_wconf 80' lang='lat' dir='ltr'>miranda</span> <span class='ocrx_word' id='word_1_458' title='bbox 909 3407 941 3432; x_wconf 84' lang='grc'>78</span> 
     </span>
    </p>
   </div>
   <div class='ocr_carea' id='block_1_3' title="bbox 949 2147 965 3427">
    <p class='ocr_par' dir='ltr' id='par_1_9' title="bbox 949 2147 965 3427">
     <span class='ocr_line' id='line_1_73' title="bbox 949 2147 965 3427; baseline 0 0"><span class='ocrx_word' id='word_1_459' title='bbox 949 2147 965 3427; x_wconf 95' lang='lat' dir='ltr'> </span> 
     </span>
    </p>
   </div>
   <div class='ocr_carea' id='block_1_4' title="bbox 1146 251 1414 285">
    <p class='ocr_par' dir='ltr' id='par_1_10' title="bbox 1146 251 1414 285">
     <span class='ocr_line' id='line_1_74' title="bbox 1146 251 1414 285; baseline -0.004 -1"><span class='ocrx_word' id='word_1_460' title='bbox 1146 252 1260 285; x_wconf 85' lang='lat' dir='ltr'>INDEX</span> <span class='ocrx_word' id='word_1_461' title='bbox 1285 251 1414 283; x_wconf 83' lang='lat' dir='ltr'>RERUM</span> 
     </span>
    </p>
   </div>
   <div class='ocr_carea' id='block_1_5' title="bbox 958 339 1619 3436">
    <p class='ocr_par' dir='ltr' id='par_1_11' title="bbox 958 339 1602 502">
     <span class='ocr_line' id='line_1_75' title="bbox 958 339 1601 373; baseline -0.006 -5"><span class='ocrx_word' id='word_1_462' title='bbox 958 342 992 368; x_wconf 83' lang='lat'>35</span> <span class='ocrx_word' id='word_1_463' title='bbox 1004 357 1039 360; x_wconf 97' lang='lat'><strong>—</strong></span> <span class='ocrx_word' id='word_1_464' title='bbox 1052 342 1145 373; x_wconf 85' lang='lat' dir='ltr'>Magna</span> <span class='ocrx_word' id='word_1_465' title='bbox 1160 348 1251 367; x_wconf 91' lang='lat' dir='ltr'>eorum</span> <span class='ocrx_word' id='word_1_466' title='bbox 1266 341 1378 366; x_wconf 88' lang='lat' dir='ltr'>caecitas</span> <span class='ocrx_word' id='word_1_467' title='bbox 1396 339 1422 365; x_wconf 94' lang='grc'>10</span> <span class='ocrx_word' id='word_1_468' title='bbox 1437 341 1601 365; x_wconf 90' lang='lat' dir='ltr'>contemnen-</span> 
     </span>
     <span class='ocr_line' id='line_1_76' title="bbox 959 383 1602 416; baseline -0.006 -3"><span class='ocrx_word' id='word_1_469' title='bbox 959 387 994 413; x_wconf 90' lang='lat' dir='ltr'>do</span> <span class='ocrx_word' id='word_1_470' title='bbox 1013 386 1145 413; x_wconf 84' lang='lat' dir='ltr'>Christum</span> <span class='ocrx_word' id='word_1_471' title='bbox 1166 386 1216 411; x_wconf 89' lang='grc'>100</span> <span class='ocrx_word' id='word_1_472' title='bbox 1237 385 1269 411; x_wconf 86' lang='grc'>48</span> <span class='ocrx_word' id='word_1_473' title='bbox 1289 399 1324 404; x_wconf 91' lang='grc'><strong>-</strong></span> <span class='ocrx_word' id='word_1_474' title='bbox 1343 391 1441 416; x_wconf 39' lang='lat' dir='ltr'>eorum,</span> <span class='ocrx_word' id='word_1_475' title='bbox 1455 383 1602 409; x_wconf 82' lang='lat' dir='ltr'>excaecatio</span> 
     </span>
     <span class='ocr_line' id='line_1_77' title="bbox 960 428 1602 463; baseline -0.006 -6"><span class='ocrx_word' id='word_1_476' title='bbox 960 432 1089 463; x_wconf 83' lang='lat' dir='ltr'>figuratur</span> <span class='ocrx_word' id='word_1_477' title='bbox 1115 431 1138 455; x_wconf 90' lang='lat' dir='ltr'>in</span> <span class='ocrx_word' id='word_1_478' title='bbox 1167 429 1353 456; x_wconf 85' lang='lat' dir='ltr'>obscuratione</span> <span class='ocrx_word' id='word_1_479' title='bbox 1378 429 1440 454; x_wconf 89' lang='lat' dir='ltr'>solis</span> <span class='ocrx_word' id='word_1_480' title='bbox 1468 428 1493 453; x_wconf 92' lang='lat' dir='ltr'>in</span> <span class='ocrx_word' id='word_1_481' title='bbox 1517 430 1602 453; x_wconf 88' lang='lat' dir='ltr'>morte</span> 
     </span>
     <span class='ocr_line' id='line_1_78' title="bbox 960 475 1181 502; baseline -0.009 0"><span class='ocrx_word' id='word_1_482' title='bbox 960 475 1055 502; x_wconf 87' lang='lat' dir='ltr'>Christi</span> <span class='ocrx_word' id='word_1_483' title='bbox 1075 475 1121 501; x_wconf 85' lang='lat'>584</span> <span class='ocrx_word' id='word_1_484' title='bbox 1147 475 1181 500; x_wconf 84' lang='lat'>55</span> 
     </span>
    </p>

    <p class='ocr_par' dir='ltr' id='par_1_12' title="bbox 962 516 1605 1079">
     <span class='ocr_line' id='line_1_79' title="bbox 1014 516 1600 549; baseline -0.005 -4"><span class='ocrx_word' id='word_1_485' title='bbox 1014 534 1049 539; x_wconf 98' lang='lat'><strong>—</strong></span> <span class='ocrx_word' id='word_1_486' title='bbox 1068 520 1102 545; x_wconf 92' lang='lat' dir='ltr'>de</span> <span class='ocrx_word' id='word_1_487' title='bbox 1122 519 1173 545; x_wconf 89' lang='lat' dir='ltr'>tlde</span> <span class='ocrx_word' id='word_1_488' title='bbox 1192 521 1217 544; x_wconf 93' lang='lat' dir='ltr'>et</span> <span class='ocrx_word' id='word_1_489' title='bbox 1230 519 1312 544; x_wconf 87' lang='lat' dir='ltr'>salute</span> <span class='ocrx_word' id='word_1_490' title='bbox 1331 525 1382 543; x_wconf 90' lang='lat' dir='ltr'>non</span> <span class='ocrx_word' id='word_1_491' title='bbox 1403 516 1541 549; x_wconf 83' lang='lat' dir='ltr'>curabant,</span> <span class='ocrx_word' id='word_1_492' title='bbox 1555 516 1600 542; x_wconf 89' lang='lat' dir='ltr'>sed</span> 
     </span>
     <span class='ocr_line' id='line_1_80' title="bbox 962 561 1603 596; baseline -0.008 -6"><span class='ocrx_word' id='word_1_493' title='bbox 962 565 996 590; x_wconf 91' lang='lat' dir='ltr'>de</span> <span class='ocrx_word' id='word_1_494' title='bbox 1016 564 1153 596; x_wconf 88' lang='lat' dir='ltr'>temporali</span> <span class='ocrx_word' id='word_1_495' title='bbox 1166 563 1306 589; x_wconf 86' lang='lat' dir='ltr'>refectione</span> <span class='ocrx_word' id='word_1_496' title='bbox 1325 563 1358 588; x_wconf 90' lang='lat' dir='ltr'>Vl</span> <span class='ocrx_word' id='word_1_497' title='bbox 1378 562 1429 587; x_wconf 88' lang='lat'>324</span> <span class='ocrx_word' id='word_1_498' title='bbox 1449 562 1482 587; x_wconf 87' lang='lat'>34</span> <span class='ocrx_word' id='word_1_499' title='bbox 1501 576 1535 580; x_wconf 97' lang='lat'>—</span> <span class='ocrx_word' id='word_1_500' title='bbox 1550 561 1603 593; x_wconf 89' lang='lat' dir='ltr'>pri-</span> 
     </span>
     <span class='ocr_line' id='line_1_81' title="bbox 963 606 1604 639; baseline -0.005 -5"><span class='ocrx_word' id='word_1_501' title='bbox 963 616 1007 634; x_wconf 89' lang='lat' dir='ltr'>mo</span> <span class='ocrx_word' id='word_1_502' title='bbox 1023 608 1105 634; x_wconf 89' lang='lat' dir='ltr'>secuti</span> <span class='ocrx_word' id='word_1_503' title='bbox 1125 608 1267 633; x_wconf 91' lang='lat' dir='ltr'>Dominum</span> <span class='ocrx_word' id='word_1_504' title='bbox 1292 609 1399 639; x_wconf 91' lang='lat' dir='ltr'>propter</span> <span class='ocrx_word' id='word_1_505' title='bbox 1422 606 1511 638; x_wconf 79' lang='lat' dir='ltr'>signa,</span> <span class='ocrx_word' id='word_1_506' title='bbox 1535 608 1604 638; x_wconf 91' lang='lat' dir='ltr'>post-</span> 
     </span>
     <span class='ocr_line' id='line_1_82' title="bbox 963 652 1603 683; baseline -0.006 -4"><span class='ocrx_word' id='word_1_507' title='bbox 963 653 1073 679; x_wconf 91' lang='lat' dir='ltr'>modum</span> <span class='ocrx_word' id='word_1_508' title='bbox 1098 652 1187 678; x_wconf 90' lang='lat' dir='ltr'>refecti</span> <span class='ocrx_word' id='word_1_509' title='bbox 1205 652 1288 677; x_wconf 90' lang='lat' dir='ltr'>secuti</span> <span class='ocrx_word' id='word_1_510' title='bbox 1315 654 1376 677; x_wconf 90' lang='lat' dir='ltr'>sunt</span> <span class='ocrx_word' id='word_1_511' title='bbox 1394 654 1502 683; x_wconf 91' lang='lat' dir='ltr'>propter</span> <span class='ocrx_word' id='word_1_512' title='bbox 1529 657 1603 676; x_wconf 90' lang='lat' dir='ltr'>escas</span> 
     </span>
     <span class='ocr_line' id='line_1_83' title="bbox 963 694 1604 728; baseline -0.006 -5"><span class='ocrx_word' id='word_1_513' title='bbox 963 698 1014 723; x_wconf 89' lang='lat'>326</span> <span class='ocrx_word' id='word_1_514' title='bbox 1036 698 1069 723; x_wconf 84' lang='lat'>50</span> <span class='ocrx_word' id='word_1_515' title='bbox 1089 711 1123 716; x_wconf 98' lang='lat'><strong>—</strong></span> <span class='ocrx_word' id='word_1_516' title='bbox 1142 697 1258 722; x_wconf 88' lang='lat' dir='ltr'>carnales</span> <span class='ocrx_word' id='word_1_517' title='bbox 1276 703 1290 721; x_wconf 91' lang='lat' dir='ltr'>a</span> <span class='ocrx_word' id='word_1_518' title='bbox 1310 695 1412 722; x_wconf 88' lang='lat' dir='ltr'>Christo</span> <span class='ocrx_word' id='word_1_519' title='bbox 1434 694 1604 728; x_wconf 88' lang='lat' dir='ltr'>requirebant</span> 
     </span>
     <span class='ocr_line' id='line_1_84' title="bbox 963 739 1603 774; baseline -0.005 -6"><span class='ocrx_word' id='word_1_520' title='bbox 963 742 1083 774; x_wconf 86' lang='lat' dir='ltr'>corporis</span> <span class='ocrx_word' id='word_1_521' title='bbox 1101 741 1262 767; x_wconf 88' lang='lat' dir='ltr'>saturitatem</span> <span class='ocrx_word' id='word_1_522' title='bbox 1283 741 1334 767; x_wconf 85' lang='lat'>325</span> <span class='ocrx_word' id='word_1_523' title='bbox 1357 740 1387 766; x_wconf 77' lang='grc'>42</span> <span class='ocrx_word' id='word_1_524' title='bbox 1406 754 1442 759; x_wconf 89' lang='grc'><strong>-</strong></span> <span class='ocrx_word' id='word_1_525' title='bbox 1461 747 1475 765; x_wconf 86' lang='grc'>3</span> <span class='ocrx_word' id='word_1_526' title='bbox 1501 739 1603 766; x_wconf 90' lang='lat' dir='ltr'>Christo</span> 
     </span>
     <span class='ocr_line' id='line_1_85' title="bbox 966 784 1604 818; baseline -0.005 -6"><span class='ocrx_word' id='word_1_527' title='bbox 966 790 1057 818; x_wconf 91' lang='lat' dir='ltr'>petunt</span> <span class='ocrx_word' id='word_1_528' title='bbox 1076 793 1171 818; x_wconf 88' lang='lat' dir='ltr'>panem</span> <span class='ocrx_word' id='word_1_529' title='bbox 1185 786 1292 816; x_wconf 82' lang='lat' dir='ltr'>vivum,</span> <span class='ocrx_word' id='word_1_530' title='bbox 1312 788 1403 811; x_wconf 89' lang='lat' dir='ltr'>utnon</span> <span class='ocrx_word' id='word_1_531' title='bbox 1423 785 1540 811; x_wconf 81' lang='lat' dir='ltr'>esuriant</span> <span class='ocrx_word' id='word_1_532' title='bbox 1552 784 1604 810; x_wconf 87' lang='grc'>327</span> 
     </span>
     <span class='ocr_line' id='line_1_86' title="bbox 965 829 1604 863; baseline -0.003 -7"><span class='ocrx_word' id='word_1_533' title='bbox 965 831 998 856; x_wconf 89' lang='grc'>55</span> <span class='ocrx_word' id='word_1_534' title='bbox 1018 845 1052 850; x_wconf 87' lang='lat'>-</span> <span class='ocrx_word' id='word_1_535' title='bbox 1071 830 1235 863; x_wconf 89' lang='lat' dir='ltr'>quaerebant</span> <span class='ocrx_word' id='word_1_536' title='bbox 1258 837 1353 861; x_wconf 87' lang='lat' dir='ltr'>panem</span> <span class='ocrx_word' id='word_1_537' title='bbox 1378 830 1550 861; x_wconf 88' lang='lat' dir='ltr'>temporalem</span> <span class='ocrx_word' id='word_1_538' title='bbox 1570 829 1604 854; x_wconf 89' lang='lat' dir='ltr'>ad</span> 
     </span>
     <span class='ocr_line' id='line_1_87' title="bbox 964 873 1604 906; baseline -0.005 -5"><span class='ocrx_word' id='word_1_539' title='bbox 964 875 1179 901; x_wconf 86' lang='lat' dir='ltr'>manducandum</span> <span class='ocrx_word' id='word_1_540' title='bbox 1193 875 1244 900; x_wconf 88' lang='grc'>329</span> <span class='ocrx_word' id='word_1_541' title='bbox 1258 875 1293 900; x_wconf 90' lang='grc'>65</span> <span class='ocrx_word' id='word_1_542' title='bbox 1306 888 1341 893; x_wconf 92' lang='grc'>-</span> <span class='ocrx_word' id='word_1_543' title='bbox 1356 877 1417 906; x_wconf 88' lang='lat' dir='ltr'>post</span> <span class='ocrx_word' id='word_1_544' title='bbox 1434 873 1604 899; x_wconf 89' lang='lat' dir='ltr'>refectionem</span> 
     </span>
     <span class='ocr_line' id='line_1_88' title="bbox 963 917 1605 950; baseline -0.006 -5"><span class='ocrx_word' id='word_1_545' title='bbox 963 927 1015 945; x_wconf 91' lang='lat' dir='ltr'>non</span> <span class='ocrx_word' id='word_1_546' title='bbox 1035 920 1120 945; x_wconf 84' lang='lat' dir='ltr'>statim</span> <span class='ocrx_word' id='word_1_547' title='bbox 1145 921 1320 950; x_wconf 86' lang='lat' dir='ltr'>recesserant,</span> <span class='ocrx_word' id='word_1_548' title='bbox 1339 918 1387 944; x_wconf 89' lang='lat' dir='ltr'>sed</span> <span class='ocrx_word' id='word_1_549' title='bbox 1411 917 1544 944; x_wconf 90' lang='lat' dir='ltr'>Christum</span> <span class='ocrx_word' id='word_1_550' title='bbox 1565 924 1605 942; x_wconf 88' lang='lat' dir='ltr'>ex-</span> 
     </span>
     <span class='ocr_line' id='line_1_89' title="bbox 964 961 1605 995; baseline -0.005 -6"><span class='ocrx_word' id='word_1_551' title='bbox 964 963 1118 995; x_wconf 82' lang='lat' dir='ltr'>spectabant</span> <span class='ocrx_word' id='word_1_552' title='bbox 1130 963 1182 988; x_wconf 86' lang='lat'>325</span> <span class='ocrx_word' id='word_1_553' title='bbox 1196 964 1229 988; x_wconf 81' lang='lat'><strong>38</strong></span> <span class='ocrx_word' id='word_1_554' title='bbox 1239 977 1274 982; x_wconf 93' lang='lat'><strong>—</strong></span> <span class='ocrx_word' id='word_1_555' title='bbox 1284 962 1448 995; x_wconf 87' lang='lat' dir='ltr'>quaerebant</span> <span class='ocrx_word' id='word_1_556' title='bbox 1460 961 1591 987; x_wconf 85' lang='lat' dir='ltr'>Christum</span> <span class='ocrx_word' id='word_1_557' title='bbox 1599 980 1605 991; x_wconf 82' lang='lat'>,</span> 
     </span>
     <span class='ocr_line' id='line_1_90' title="bbox 963 1005 1605 1041; baseline -0.006 -7"><span class='ocrx_word' id='word_1_558' title='bbox 963 1009 1025 1041; x_wconf 91' lang='lat' dir='ltr'>quia</span> <span class='ocrx_word' id='word_1_559' title='bbox 1045 1015 1090 1033; x_wconf 85' lang='lat' dir='ltr'>eos</span> <span class='ocrx_word' id='word_1_560' title='bbox 1109 1009 1236 1033; x_wconf 67' lang='lat' dir='ltr'>refecerat</span> <span class='ocrx_word' id='word_1_561' title='bbox 1255 1007 1281 1032; x_wconf 92' lang='lat' dir='ltr'>in</span> <span class='ocrx_word' id='word_1_562' title='bbox 1300 1006 1431 1039; x_wconf 81' lang='lat' dir='ltr'>praesenti</span> <span class='ocrx_word' id='word_1_563' title='bbox 1451 1005 1485 1032; x_wconf 84' lang='lat' dir='ltr'>ib.</span> <span class='ocrx_word' id='word_1_564' title='bbox 1510 1005 1557 1037; x_wconf 90' lang='grc'>40,</span> <span class='ocrx_word' id='word_1_565' title='bbox 1573 1005 1605 1030; x_wconf 89' lang='grc'>42</span> 
     </span>
     <span class='ocr_line' id='line_1_91' title="bbox 962 1051 1421 1079; baseline -0.009 0"><span class='ocrx_word' id='word_1_566' title='bbox 962 1067 998 1072; x_wconf 95' lang='grc'><strong>-</strong></span> <span class='ocrx_word' id='word_1_567' title='bbox 1017 1052 1112 1079; x_wconf 90' lang='lat' dir='ltr'>terreni</span> <span class='ocrx_word' id='word_1_568' title='bbox 1132 1052 1296 1078; x_wconf 86' lang='lat' dir='ltr'>descendunt</span> <span class='ocrx_word' id='word_1_569' title='bbox 1316 1051 1362 1076; x_wconf 88' lang='grc'>361</span> <span class='ocrx_word' id='word_1_570' title='bbox 1387 1051 1421 1076; x_wconf 87' lang='grc'>33</span> 
     </span>
    </p>

    <p class='ocr_par' dir='ltr' id='par_1_13' title="bbox 964 1094 1609 1618">
     <span class='ocr_line' id='line_1_92' title="bbox 1016 1094 1608 1127; baseline -0.007 -4"><span class='ocrx_word' id='word_1_571' title='bbox 1016 1111 1052 1116; x_wconf 95' lang='grc'><strong>-</strong></span> <span class='ocrx_word' id='word_1_572' title='bbox 1070 1097 1190 1122; x_wconf 84' lang='lat' dir='ltr'>infideles</span> <span class='ocrx_word' id='word_1_573' title='bbox 1203 1096 1281 1122; x_wconf 89' lang='lat' dir='ltr'>stulte</span> <span class='ocrx_word' id='word_1_574' title='bbox 1294 1098 1320 1121; x_wconf 91' lang='lat' dir='ltr'>et</span> <span class='ocrx_word' id='word_1_575' title='bbox 1333 1094 1461 1120; x_wconf 84' lang='lat' dir='ltr'>malitiose</span> <span class='ocrx_word' id='word_1_576' title='bbox 1477 1097 1608 1127; x_wconf 89' lang='lat' dir='ltr'>quaerunt</span> 
     </span>
     <span class='ocr_line' id='line_1_93' title="bbox 965 1138 1606 1173; baseline -0.005 -6"><span class='ocrx_word' id='word_1_577' title='bbox 965 1142 997 1167; x_wconf 94' lang='lat' dir='ltr'>Vl</span> <span class='ocrx_word' id='word_1_578' title='bbox 1018 1142 1069 1167; x_wconf 90' lang='grc'>390</span> <span class='ocrx_word' id='word_1_579' title='bbox 1090 1141 1124 1166; x_wconf 90' lang='grc'>35</span> <span class='ocrx_word' id='word_1_580' title='bbox 1143 1156 1178 1159; x_wconf 80' lang='lat'>—</span> <span class='ocrx_word' id='word_1_581' title='bbox 1198 1141 1266 1165; x_wconf 91' lang='lat' dir='ltr'>mala</span> <span class='ocrx_word' id='word_1_582' title='bbox 1285 1142 1416 1173; x_wconf 87' lang='lat' dir='ltr'>quaerunt</span> <span class='ocrx_word' id='word_1_583' title='bbox 1434 1139 1468 1164; x_wconf 92' lang='lat' dir='ltr'>de</span> <span class='ocrx_word' id='word_1_584' title='bbox 1486 1138 1606 1170; x_wconf 89' lang='lat' dir='ltr'>Christo,</span> 
     </span>
     <span class='ocr_line' id='line_1_94' title="bbox 964 1184 1608 1216; baseline -0.006 -4"><span class='ocrx_word' id='word_1_585' title='bbox 964 1186 1033 1212; x_wconf 86' lang='lat' dir='ltr'>bona</span> <span class='ocrx_word' id='word_1_586' title='bbox 1053 1189 1138 1211; x_wconf 90' lang='lat' dir='ltr'>tacent</span> <span class='ocrx_word' id='word_1_587' title='bbox 1168 1185 1218 1210; x_wconf 86' lang='grc'>306</span> <span class='ocrx_word' id='word_1_588' title='bbox 1239 1185 1273 1209; x_wconf 88' lang='grc'>23</span> <span class='ocrx_word' id='word_1_589' title='bbox 1291 1197 1328 1203; x_wconf 89' lang='lat'>--</span> <span class='ocrx_word' id='word_1_590' title='bbox 1346 1184 1409 1216; x_wconf 84' lang='lat' dir='ltr'>quia</span> <span class='ocrx_word' id='word_1_591' title='bbox 1432 1184 1500 1209; x_wconf 88' lang='lat' dir='ltr'>male</span> <span class='ocrx_word' id='word_1_592' title='bbox 1527 1191 1608 1216; x_wconf 87' lang='lat' dir='ltr'>quae-</span> 
     </span>
     <span class='ocr_line' id='line_1_95' title="bbox 964 1228 1606 1262; baseline -0.005 -6"><span class='ocrx_word' id='word_1_593' title='bbox 964 1234 1040 1262; x_wconf 83' lang='lat' dir='ltr'>runt,</span> <span class='ocrx_word' id='word_1_594' title='bbox 1069 1231 1128 1255; x_wconf 84' lang='lat' dir='ltr'>ideo</span> <span class='ocrx_word' id='word_1_595' title='bbox 1147 1229 1174 1254; x_wconf 93' lang='lat' dir='ltr'>in</span> <span class='ocrx_word' id='word_1_596' title='bbox 1202 1228 1370 1261; x_wconf 83' lang='lat' dir='ltr'>inquisitione</span> <span class='ocrx_word' id='word_1_597' title='bbox 1398 1228 1523 1253; x_wconf 81' lang='lat' dir='ltr'>deficiunt</span> <span class='ocrx_word' id='word_1_598' title='bbox 1546 1228 1606 1254; x_wconf 80' lang='lat' dir='ltr'>ibid.</span> 
     </span>
     <span class='ocr_line' id='line_1_96' title="bbox 966 1271 1606 1306; baseline -0.003 -6"><span class='ocrx_word' id='word_1_599' title='bbox 966 1289 1001 1294; x_wconf 93' lang='lat'>—-</span> <span class='ocrx_word' id='word_1_600' title='bbox 1021 1275 1124 1300; x_wconf 91' lang='lat' dir='ltr'>curiose</span> <span class='ocrx_word' id='word_1_601' title='bbox 1143 1272 1306 1306; x_wconf 85' lang='lat' dir='ltr'>quaerebant</span> <span class='ocrx_word' id='word_1_602' title='bbox 1324 1272 1358 1297; x_wconf 88' lang='lat' dir='ltr'>de</span> <span class='ocrx_word' id='word_1_603' title='bbox 1376 1271 1479 1298; x_wconf 87' lang='lat' dir='ltr'>Christo</span> <span class='ocrx_word' id='word_1_604' title='bbox 1502 1272 1548 1298; x_wconf 87' lang='grc'>341</span> <span class='ocrx_word' id='word_1_605' title='bbox 1575 1274 1606 1298; x_wconf 90' lang='grc'>12</span> 
     </span>
     <span class='ocr_line' id='line_1_97' title="bbox 965 1317 1607 1350; baseline -0.002 -6"><span class='ocrx_word' id='word_1_606' title='bbox 965 1334 1001 1339; x_wconf 89' lang='grc'><strong>-</strong></span> <span class='ocrx_word' id='word_1_607' title='bbox 1020 1318 1169 1344; x_wconf 91' lang='lat' dir='ltr'>inordinate</span> <span class='ocrx_word' id='word_1_608' title='bbox 1192 1320 1350 1350; x_wconf 88' lang='lat' dir='ltr'>quaerentes</span> <span class='ocrx_word' id='word_1_609' title='bbox 1369 1317 1537 1349; x_wconf 83' lang='lat' dir='ltr'>corriguntur</span> <span class='ocrx_word' id='word_1_610' title='bbox 1556 1318 1607 1343; x_wconf 90' lang='grc'>325</span> 
     </span>
     <span class='ocr_line' id='line_1_98' title="bbox 968 1361 1608 1395; baseline -0.002 -6"><span class='ocrx_word' id='word_1_611' title='bbox 968 1364 994 1389; x_wconf 90' lang='grc'>41</span> <span class='ocrx_word' id='word_1_612' title='bbox 1008 1382 1014 1394; x_wconf 85' lang='grc'>,</span> <span class='ocrx_word' id='word_1_613' title='bbox 1035 1363 1068 1388; x_wconf 88' lang='grc'>42</span> <span class='ocrx_word' id='word_1_614' title='bbox 1081 1376 1116 1381; x_wconf 95' lang='lat'>--</span> <span class='ocrx_word' id='word_1_615' title='bbox 1129 1369 1183 1389; x_wconf 90' lang='lat' dir='ltr'>non</span> <span class='ocrx_word' id='word_1_616' title='bbox 1200 1361 1372 1393; x_wconf 79' lang='lat' dir='ltr'>intelligentes</span> <span class='ocrx_word' id='word_1_617' title='bbox 1385 1361 1516 1388; x_wconf 86' lang='lat' dir='ltr'>Christum</span> <span class='ocrx_word' id='word_1_618' title='bbox 1531 1370 1608 1395; x_wconf 89' lang='lat' dir='ltr'>quae-</span> 
     </span>
     <span class='ocr_line' id='line_1_99' title="bbox 967 1406 1609 1440; baseline -0.003 -6"><span class='ocrx_word' id='word_1_619' title='bbox 967 1410 1028 1434; x_wconf 91' lang='lat' dir='ltr'>runt</span> <span class='ocrx_word' id='word_1_620' title='bbox 1041 1411 1069 1433; x_wconf 92' lang='lat' dir='ltr'>ut</span> <span class='ocrx_word' id='word_1_621' title='bbox 1082 1407 1234 1438; x_wconf 83' lang='lat' dir='ltr'>ignorantes</span> <span class='ocrx_word' id='word_1_622' title='bbox 1248 1406 1300 1432; x_wconf 88' lang='grc'>359</span> <span class='ocrx_word' id='word_1_623' title='bbox 1315 1406 1357 1431; x_wconf 91' lang='grc'>25.</span> <span class='ocrx_word' id='word_1_624' title='bbox 1371 1407 1417 1431; x_wconf 89' lang='grc'>361</span> <span class='ocrx_word' id='word_1_625' title='bbox 1438 1407 1471 1432; x_wconf 87' lang='grc'>35</span> <span class='ocrx_word' id='word_1_626' title='bbox 1484 1421 1519 1426; x_wconf 91' lang='grc'>-</span> <span class='ocrx_word' id='word_1_627' title='bbox 1532 1414 1609 1440; x_wconf 89' lang='lat' dir='ltr'>quae—</span> 
     </span>
     <span class='ocr_line' id='line_1_100' title="bbox 967 1451 1608 1484; baseline 0 -6"><span class='ocrx_word' id='word_1_628' title='bbox 967 1453 1068 1478; x_wconf 90' lang='lat' dir='ltr'>sierunt</span> <span class='ocrx_word' id='word_1_629' title='bbox 1086 1451 1218 1477; x_wconf 88' lang='lat' dir='ltr'>Christum</span> <span class='ocrx_word' id='word_1_630' title='bbox 1233 1458 1280 1483; x_wconf 89' lang='lat' dir='ltr'>per</span> <span class='ocrx_word' id='word_1_631' title='bbox 1298 1452 1542 1484; x_wconf 76' lang='lat' dir='ltr'>compunctionem,</span> <span class='ocrx_word' id='word_1_632' title='bbox 1562 1453 1608 1478; x_wconf 85' lang='lat' dir='ltr'>sed</span> 
     </span>
     <span class='ocr_line' id='line_1_101' title="bbox 969 1496 1609 1529; baseline -0.002 -7"><span class='ocrx_word' id='word_1_633' title='bbox 969 1497 1042 1522; x_wconf 90' lang='lat' dir='ltr'>multi</span> <span class='ocrx_word' id='word_1_634' title='bbox 1061 1497 1288 1528; x_wconf 84' lang='lat' dir='ltr'>desperaverunt,</span> <span class='ocrx_word' id='word_1_635' title='bbox 1317 1499 1405 1522; x_wconf 88' lang='lat' dir='ltr'>tamen</span> <span class='ocrx_word' id='word_1_636' title='bbox 1434 1496 1513 1529; x_wconf 91' lang='lat' dir='ltr'>aliqui</span> <span class='ocrx_word' id='word_1_637' title='bbox 1532 1504 1609 1529; x_wconf 88' lang='lat' dir='ltr'>quae-</span> 
     </span>
     <span class='ocr_line' id='line_1_102' title="bbox 969 1540 1609 1572; baseline 0 -6"><span class='ocrx_word' id='word_1_638' title='bbox 969 1544 1055 1566; x_wconf 87' lang='lat' dir='ltr'>rentes</span> <span class='ocrx_word' id='word_1_639' title='bbox 1082 1548 1134 1566; x_wconf 86' lang='grc'>000</span> <span class='ocrx_word' id='word_1_640' title='bbox 1164 1541 1320 1566; x_wconf 89' lang='lat' dir='ltr'>invenerunt</span> <span class='ocrx_word' id='word_1_641' title='bbox 1347 1540 1535 1572; x_wconf 83' lang='lat' dir='ltr'>corporaliter,</span> <span class='ocrx_word' id='word_1_642' title='bbox 1563 1541 1609 1566; x_wconf 84' lang='lat' dir='ltr'>sed</span> 
     </span>
     <span class='ocr_line' id='line_1_103' title="bbox 968 1584 1253 1618; baseline 0 -8"><span class='ocrx_word' id='word_1_643' title='bbox 968 1585 1138 1618; x_wconf 81' lang='lat' dir='ltr'>spiritualiter</span> <span class='ocrx_word' id='word_1_644' title='bbox 1152 1584 1202 1610; x_wconf 86' lang='lat'>348</span> <span class='ocrx_word' id='word_1_645' title='bbox 1221 1585 1253 1610; x_wconf 88' lang='grc'>49</span> 
     </span>
    </p>

    <p class='ocr_par' dir='ltr' id='par_1_14' title="bbox 968 1629 1611 2242">
     <span class='ocr_line' id='line_1_104' title="bbox 1021 1629 1610 1663; baseline 0 -9"><span class='ocrx_word' id='word_1_646' title='bbox 1021 1644 1057 1649; x_wconf 91' lang='lat'><strong>—</strong></span> <span class='ocrx_word' id='word_1_647' title='bbox 1077 1630 1178 1656; x_wconf 86' lang='lat' dir='ltr'>ludaeis</span> <span class='ocrx_word' id='word_1_648' title='bbox 1191 1630 1344 1661; x_wconf 89' lang='lat' dir='ltr'>videbatur,</span> <span class='ocrx_word' id='word_1_649' title='bbox 1363 1630 1435 1663; x_wconf 90' lang='lat' dir='ltr'>quod</span> <span class='ocrx_word' id='word_1_650' title='bbox 1452 1629 1570 1656; x_wconf 89' lang='lat' dir='ltr'>Christus</span> <span class='ocrx_word' id='word_1_651' title='bbox 1583 1630 1610 1655; x_wconf 93' lang='lat' dir='ltr'>in</span> 
     </span>
     <span class='ocr_line' id='line_1_105' title="bbox 968 1674 1611 1708; baseline 0 -8"><span class='ocrx_word' id='word_1_652' title='bbox 968 1674 1152 1701; x_wconf 87' lang='lat' dir='ltr'>observatione</span> <span class='ocrx_word' id='word_1_653' title='bbox 1172 1675 1249 1707; x_wconf 84' lang='lat' dir='ltr'>Legis</span> <span class='ocrx_word' id='word_1_654' title='bbox 1261 1675 1394 1708; x_wconf 83' lang='lat' dir='ltr'>quaedam</span> <span class='ocrx_word' id='word_1_655' title='bbox 1408 1676 1517 1705; x_wconf 84' lang='lat' dir='ltr'>faceret,</span> <span class='ocrx_word' id='word_1_656' title='bbox 1530 1681 1611 1707; x_wconf 88' lang='lat' dir='ltr'>quae-</span> 
     </span>
     <span class='ocr_line' id='line_1_106' title="bbox 968 1719 1611 1751; baseline -0.002 -6"><span class='ocrx_word' id='word_1_657' title='bbox 968 1720 1029 1746; x_wconf 92' lang='lat' dir='ltr'>dam</span> <span class='ocrx_word' id='word_1_658' title='bbox 1050 1720 1170 1745; x_wconf 84' lang='lat' dir='ltr'>transiret</span> <span class='ocrx_word' id='word_1_659' title='bbox 1195 1720 1228 1745; x_wconf 82' lang='lat' dir='ltr'>Vl</span> <span class='ocrx_word' id='word_1_660' title='bbox 1255 1720 1306 1745; x_wconf 88' lang='lat'>369</span> <span class='ocrx_word' id='word_1_661' title='bbox 1325 1719 1359 1745; x_wconf 89' lang='lat'>73</span> <span class='ocrx_word' id='word_1_662' title='bbox 1380 1733 1412 1737; x_wconf 90' lang='lat'>—</span> <span class='ocrx_word' id='word_1_663' title='bbox 1433 1719 1611 1751; x_wconf 86' lang='lat' dir='ltr'>reprehende-</span> 
     </span>
     <span class='ocr_line' id='line_1_107' title="bbox 969 1763 1609 1796; baseline -0.003 -7"><span class='ocrx_word' id='word_1_664' title='bbox 969 1764 1032 1790; x_wconf 89' lang='lat' dir='ltr'>bant</span> <span class='ocrx_word' id='word_1_665' title='bbox 1051 1765 1134 1790; x_wconf 87' lang='lat' dir='ltr'>lesum</span> <span class='ocrx_word' id='word_1_666' title='bbox 1156 1772 1184 1790; x_wconf 88' lang='lat' dir='ltr'>se</span> <span class='ocrx_word' id='word_1_667' title='bbox 1199 1764 1286 1796; x_wconf 91' lang='lat' dir='ltr'>ipsum</span> <span class='ocrx_word' id='word_1_668' title='bbox 1307 1763 1537 1790; x_wconf 87' lang='lat' dir='ltr'>commendantem</span> <span class='ocrx_word' id='word_1_669' title='bbox 1560 1763 1609 1788; x_wconf 83' lang='lat'>358</span> 
     </span>
     <span class='ocr_line' id='line_1_108' title="bbox 969 1807 1610 1841; baseline -0.003 -7"><span class='ocrx_word' id='word_1_670' title='bbox 969 1809 1002 1834; x_wconf 88' lang='lat'>49</span> <span class='ocrx_word' id='word_1_671' title='bbox 1021 1823 1056 1828; x_wconf 92' lang='lat'><strong>—</strong></span> <span class='ocrx_word' id='word_1_672' title='bbox 1075 1809 1203 1841; x_wconf 85' lang='lat' dir='ltr'>indignati</span> <span class='ocrx_word' id='word_1_673' title='bbox 1232 1809 1266 1834; x_wconf 91' lang='lat' dir='ltr'>de</span> <span class='ocrx_word' id='word_1_674' title='bbox 1285 1808 1399 1840; x_wconf 89' lang='lat' dir='ltr'>Christo,</span> <span class='ocrx_word' id='word_1_675' title='bbox 1419 1808 1480 1840; x_wconf 89' lang='lat' dir='ltr'>quia</span> <span class='ocrx_word' id='word_1_676' title='bbox 1500 1807 1525 1833; x_wconf 91' lang='lat' dir='ltr'>in</span> <span class='ocrx_word' id='word_1_677' title='bbox 1546 1807 1610 1833; x_wconf 83' lang='lat' dir='ltr'>Sab-</span> 
     </span>
     <span class='ocr_line' id='line_1_109' title="bbox 968 1852 1610 1883; baseline 0 -5"><span class='ocrx_word' id='word_1_678' title='bbox 968 1853 1029 1879; x_wconf 90' lang='lat' dir='ltr'>bato</span> <span class='ocrx_word' id='word_1_679' title='bbox 1049 1853 1158 1879; x_wconf 84' lang='lat' dir='ltr'>curabat</span> <span class='ocrx_word' id='word_1_680' title='bbox 1178 1853 1230 1879; x_wconf 89' lang='lat'>345</span> <span class='ocrx_word' id='word_1_681' title='bbox 1247 1853 1293 1883; x_wconf 83' lang='lat'>29,</span> <span class='ocrx_word' id='word_1_682' title='bbox 1313 1853 1342 1877; x_wconf 92' lang='grc'>31</span> <span class='ocrx_word' id='word_1_683' title='bbox 1361 1852 1434 1877; x_wconf 92' lang='lat' dir='ltr'>—in</span> <span class='ocrx_word' id='word_1_684' title='bbox 1455 1852 1550 1877; x_wconf 90' lang='lat' dir='ltr'>malitia</span> <span class='ocrx_word' id='word_1_685' title='bbox 1566 1852 1610 1878; x_wconf 90' lang='lat' dir='ltr'>ob-</span> 
     </span>
     <span class='ocr_line' id='line_1_110' title="bbox 968 1897 1610 1928; baseline 0 -5"><span class='ocrx_word' id='word_1_686' title='bbox 968 1899 1062 1924; x_wconf 81' lang='lat' dir='ltr'>firmati</span> <span class='ocrx_word' id='word_1_687' title='bbox 1076 1901 1136 1924; x_wconf 88' lang='lat' dir='ltr'>sunt</span> <span class='ocrx_word' id='word_1_688' title='bbox 1149 1898 1181 1924; x_wconf 88' lang='lat' dir='ltr'>ad</span> <span class='ocrx_word' id='word_1_689' title='bbox 1197 1897 1300 1923; x_wconf 79' lang='lat' dir='ltr'>Domini</span> <span class='ocrx_word' id='word_1_690' title='bbox 1314 1897 1513 1928; x_wconf 75' lang='lat' dir='ltr'>responsionem</span> <span class='ocrx_word' id='word_1_691' title='bbox 1528 1901 1610 1923; x_wconf 88' lang='lat' dir='ltr'>osten-</span> 
     </span>
     <span class='ocr_line' id='line_1_111' title="bbox 968 1940 1609 1975; baseline -0.003 -6"><span class='ocrx_word' id='word_1_692' title='bbox 968 1943 1062 1975; x_wconf 90' lang='lat' dir='ltr'>dentis,</span> <span class='ocrx_word' id='word_1_693' title='bbox 1075 1950 1103 1968; x_wconf 90' lang='lat' dir='ltr'>se</span> <span class='ocrx_word' id='word_1_694' title='bbox 1116 1950 1167 1969; x_wconf 92' lang='lat' dir='ltr'>non</span> <span class='ocrx_word' id='word_1_695' title='bbox 1181 1943 1284 1968; x_wconf 88' lang='lat' dir='ltr'>solvere</span> <span class='ocrx_word' id='word_1_696' title='bbox 1297 1940 1442 1967; x_wconf 85' lang='lat' dir='ltr'>Sabbatum</span> <span class='ocrx_word' id='word_1_697' title='bbox 1457 1942 1508 1968; x_wconf 90' lang='lat'>307</span> <span class='ocrx_word' id='word_1_698' title='bbox 1528 1943 1561 1968; x_wconf 88' lang='lat'>29</span> <span class='ocrx_word' id='word_1_699' title='bbox 1577 1957 1609 1960; x_wconf 98' lang='lat'><strong>—</strong></span> 
     </span>
     <span class='ocr_line' id='line_1_112' title="bbox 968 1986 1610 2019; baseline 0.002 -7"><span class='ocrx_word' id='word_1_700' title='bbox 968 1986 1196 2019; x_wconf 81' lang='lat' dir='ltr'>reprehendebant</span> <span class='ocrx_word' id='word_1_701' title='bbox 1216 1986 1349 2012; x_wconf 84' lang='lat' dir='ltr'>infirmum</span> <span class='ocrx_word' id='word_1_702' title='bbox 1370 1990 1489 2012; x_wconf 89' lang='lat' dir='ltr'>curatum</span> <span class='ocrx_word' id='word_1_703' title='bbox 1510 1987 1533 2012; x_wconf 93' lang='lat' dir='ltr'>in</span> <span class='ocrx_word' id='word_1_704' title='bbox 1549 1986 1610 2013; x_wconf 87' lang='lat' dir='ltr'>Sab-</span> 
     </span>
     <span class='ocr_line' id='line_1_113' title="bbox 970 2030 1609 2064; baseline 0.002 -7"><span class='ocrx_word' id='word_1_705' title='bbox 970 2031 1030 2057; x_wconf 90' lang='lat' dir='ltr'>bato</span> <span class='ocrx_word' id='word_1_706' title='bbox 1045 2032 1095 2057; x_wconf 88' lang='lat'><strong>306</strong></span> <span class='ocrx_word' id='word_1_707' title='bbox 1110 2032 1144 2057; x_wconf 90' lang='grc'>20</span> <span class='ocrx_word' id='word_1_708' title='bbox 1157 2047 1192 2050; x_wconf 84' lang='lat'><em>-</em></span> <span class='ocrx_word' id='word_1_709' title='bbox 1206 2039 1258 2057; x_wconf 92' lang='lat' dir='ltr'>non</span> <span class='ocrx_word' id='word_1_710' title='bbox 1271 2030 1451 2063; x_wconf 82' lang='lat' dir='ltr'>attendebant,</span> <span class='ocrx_word' id='word_1_711' title='bbox 1464 2031 1609 2064; x_wconf 83' lang='lat' dir='ltr'>Christum,</span> 
     </span>
     <span class='ocr_line' id='line_1_114' title="bbox 969 2075 1608 2109; baseline 0 -7"><span class='ocrx_word' id='word_1_712' title='bbox 969 2077 1013 2109; x_wconf 87' lang='lat' dir='ltr'>qui</span> <span class='ocrx_word' id='word_1_713' title='bbox 1026 2079 1130 2108; x_wconf 88' lang='lat' dir='ltr'>peccata</span> <span class='ocrx_word' id='word_1_714' title='bbox 1143 2079 1245 2108; x_wconf 89' lang='lat' dir='ltr'>poterat</span> <span class='ocrx_word' id='word_1_715' title='bbox 1255 2075 1394 2107; x_wconf 81' lang='lat' dir='ltr'>dimittere,</span> <span class='ocrx_word' id='word_1_716' title='bbox 1405 2076 1521 2107; x_wconf 84' lang='lat' dir='ltr'>potuisse</span> <span class='ocrx_word' id='word_1_717' title='bbox 1531 2077 1608 2102; x_wconf 84' lang='lat' dir='ltr'>etiam</span> 
     </span>
     <span class='ocr_line' id='line_1_115' title="bbox 970 2119 1608 2153; baseline 0 -7"><span class='ocrx_word' id='word_1_718' title='bbox 970 2121 994 2146; x_wconf 90' lang='lat' dir='ltr'>in</span> <span class='ocrx_word' id='word_1_719' title='bbox 1008 2124 1150 2153; x_wconf 87' lang='lat' dir='ltr'>praecepto</span> <span class='ocrx_word' id='word_1_720' title='bbox 1163 2121 1197 2147; x_wconf 90' lang='lat' dir='ltr'>de</span> <span class='ocrx_word' id='word_1_721' title='bbox 1215 2119 1331 2146; x_wconf 88' lang='lat' dir='ltr'>Sabbato</span> <span class='ocrx_word' id='word_1_722' title='bbox 1350 2119 1504 2151; x_wconf 89' lang='lat' dir='ltr'>dispensare</span> <span class='ocrx_word' id='word_1_723' title='bbox 1522 2120 1556 2146; x_wconf 84' lang='lat' dir='ltr'>ib.</span> <span class='ocrx_word' id='word_1_724' title='bbox 1576 2122 1608 2146; x_wconf 93' lang='lat'>22</span> 
     </span>
     <span class='ocr_line' id='line_1_116' title="bbox 970 2164 1610 2198; baseline 0 -7"><span class='ocrx_word' id='word_1_725' title='bbox 970 2180 1002 2183; x_wconf 97' lang='lat'><strong>—</strong></span> <span class='ocrx_word' id='word_1_726' title='bbox 1017 2166 1159 2191; x_wconf 88' lang='lat' dir='ltr'>Dominum</span> <span class='ocrx_word' id='word_1_727' title='bbox 1170 2165 1297 2198; x_wconf 91' lang='lat' dir='ltr'>putabant</span> <span class='ocrx_word' id='word_1_728' title='bbox 1310 2164 1444 2190; x_wconf 89' lang='lat' dir='ltr'>hominem</span> <span class='ocrx_word' id='word_1_729' title='bbox 1464 2165 1610 2198; x_wconf 87' lang='lat' dir='ltr'>infirmum,</span> 
     </span>
     <span class='ocr_line' id='line_1_117' title="bbox 969 2207 1437 2242; baseline -0.002 -7"><span class='ocrx_word' id='word_1_730' title='bbox 969 2217 1020 2236; x_wconf 93' lang='lat' dir='ltr'>non</span> <span class='ocrx_word' id='word_1_731' title='bbox 1035 2210 1117 2236; x_wconf 91' lang='lat' dir='ltr'>Deum</span> <span class='ocrx_word' id='word_1_732' title='bbox 1131 2210 1337 2242; x_wconf 89' lang='lat' dir='ltr'>omnipotentem</span> <span class='ocrx_word' id='word_1_733' title='bbox 1357 2207 1391 2235; x_wconf 81' lang='lat' dir='ltr'>ib.</span> <span class='ocrx_word' id='word_1_734' title='bbox 1405 2209 1437 2234; x_wconf 87' lang='grc'>23</span> 
     </span>
    </p>

    <p class='ocr_par' dir='ltr' id='par_1_15' title="bbox 969 2253 1612 2597">
     <span class='ocr_line' id='line_1_118' title="bbox 1022 2253 1610 2287; baseline 0 -7"><span class='ocrx_word' id='word_1_735' title='bbox 1022 2269 1057 2273; x_wconf 86' lang='grc'>--</span> <span class='ocrx_word' id='word_1_736' title='bbox 1080 2255 1160 2280; x_wconf 85' lang='grc'>1111010</span> <span class='ocrx_word' id='word_1_737' title='bbox 1180 2255 1225 2287; x_wconf 89' lang='lat' dir='ltr'>qui</span> <span class='ocrx_word' id='word_1_738' title='bbox 1246 2254 1319 2286; x_wconf 87' lang='lat' dir='ltr'>prius</span> <span class='ocrx_word' id='word_1_739' title='bbox 1338 2253 1494 2284; x_wconf 86' lang='lat' dir='ltr'>laudabant,</span> <span class='ocrx_word' id='word_1_740' title='bbox 1520 2257 1610 2286; x_wconf 90' lang='lat' dir='ltr'>postea</span> 
     </span>
     <span class='ocr_line' id='line_1_119' title="bbox 969 2298 1611 2330; baseline 0 -6"><span class='ocrx_word' id='word_1_741' title='bbox 969 2298 1150 2330; x_wconf 86' lang='lat' dir='ltr'>despiciebant</span> <span class='ocrx_word' id='word_1_742' title='bbox 1170 2299 1212 2324; x_wconf 89' lang='lat' dir='ltr'>th</span> <span class='ocrx_word' id='word_1_743' title='bbox 1234 2299 1283 2323; x_wconf 85' lang='grc'>100</span> <span class='ocrx_word' id='word_1_744' title='bbox 1304 2298 1336 2323; x_wconf 90' lang='grc'>48</span> <span class='ocrx_word' id='word_1_745' title='bbox 1356 2311 1391 2317; x_wconf 88' lang='lat'>—·</span> <span class='ocrx_word' id='word_1_746' title='bbox 1409 2298 1516 2324; x_wconf 86' lang='lat' dir='ltr'>laudant</span> <span class='ocrx_word' id='word_1_747' title='bbox 1537 2298 1611 2325; x_wconf 93' lang='lat' dir='ltr'>Chri—</span> 
     </span>
     <span class='ocr_line' id='line_1_120' title="bbox 971 2342 1610 2375; baseline 0 -6"><span class='ocrx_word' id='word_1_748' title='bbox 971 2347 1040 2369; x_wconf 90' lang='lat' dir='ltr'>stum</span> <span class='ocrx_word' id='word_1_749' title='bbox 1061 2344 1138 2369; x_wconf 86' lang='lat' dir='ltr'>laude</span> <span class='ocrx_word' id='word_1_750' title='bbox 1157 2351 1233 2375; x_wconf 80' lang='lat' dir='ltr'>vera,</span> <span class='ocrx_word' id='word_1_751' title='bbox 1253 2343 1299 2368; x_wconf 92' lang='lat' dir='ltr'>sed</span> <span class='ocrx_word' id='word_1_752' title='bbox 1314 2342 1395 2368; x_wconf 88' lang='lat' dir='ltr'>fallaci</span> <span class='ocrx_word' id='word_1_753' title='bbox 1412 2343 1492 2368; x_wconf 88' lang='lat' dir='ltr'>corde</span> <span class='ocrx_word' id='word_1_754' title='bbox 1511 2343 1562 2368; x_wconf 83' lang='grc'>510</span> <span class='ocrx_word' id='word_1_755' title='bbox 1577 2344 1610 2369; x_wconf 90' lang='grc'>27</span> 
     </span>
     <span class='ocr_line' id='line_1_121' title="bbox 970 2387 1612 2420; baseline 0 -7"><span class='ocrx_word' id='word_1_756' title='bbox 970 2402 1005 2407; x_wconf 90' lang='grc'><strong>-</strong></span> <span class='ocrx_word' id='word_1_757' title='bbox 1024 2389 1205 2420; x_wconf 87' lang='lat' dir='ltr'>quaestionem</span> <span class='ocrx_word' id='word_1_758' title='bbox 1226 2388 1344 2413; x_wconf 89' lang='lat' dir='ltr'>dolosam</span> <span class='ocrx_word' id='word_1_759' title='bbox 1364 2390 1515 2418; x_wconf 91' lang='lat' dir='ltr'>proponunt</span> <span class='ocrx_word' id='word_1_760' title='bbox 1540 2387 1612 2414; x_wconf 90' lang='lat' dir='ltr'>Chri-</span> 
     </span>
     <span class='ocr_line' id='line_1_122' title="bbox 971 2431 1611 2463; baseline 0 -5"><span class='ocrx_word' id='word_1_761' title='bbox 971 2436 1010 2457; x_wconf 84' lang='lat' dir='ltr'>sto</span> <span class='ocrx_word' id='word_1_762' title='bbox 1030 2431 1064 2458; x_wconf 78' lang='lat' dir='ltr'>ib.</span> <span class='ocrx_word' id='word_1_763' title='bbox 1084 2433 1116 2458; x_wconf 87' lang='grc'>28</span> <span class='ocrx_word' id='word_1_764' title='bbox 1131 2447 1164 2450; x_wconf 87' lang='lat'><strong>—</strong></span> <span class='ocrx_word' id='word_1_765' title='bbox 1180 2431 1380 2458; x_wconf 84' lang='lat' dir='ltr'>blandiebantur</span> <span class='ocrx_word' id='word_1_766' title='bbox 1399 2431 1513 2463; x_wconf 86' lang='lat' dir='ltr'>Christo,</span> <span class='ocrx_word' id='word_1_767' title='bbox 1534 2436 1562 2458; x_wconf 90' lang='lat' dir='ltr'>ut</span> <span class='ocrx_word' id='word_1_768' title='bbox 1580 2440 1611 2458; x_wconf 89' lang='lat' dir='ltr'>ex</span> 
     </span>
     <span class='ocr_line' id='line_1_123' title="bbox 971 2477 1612 2509; baseline 0 -7"><span class='ocrx_word' id='word_1_769' title='bbox 971 2484 1016 2502; x_wconf 85' lang='lat' dir='ltr'>ore</span> <span class='ocrx_word' id='word_1_770' title='bbox 1031 2477 1086 2502; x_wconf 90' lang='lat' dir='ltr'>eius</span> <span class='ocrx_word' id='word_1_771' title='bbox 1100 2479 1285 2509; x_wconf 80' lang='lat' dir='ltr'>extorquerent</span> <span class='ocrx_word' id='word_1_772' title='bbox 1296 2478 1481 2508; x_wconf 79' lang='lat' dir='ltr'>argumentum</span> <span class='ocrx_word' id='word_1_773' title='bbox 1495 2477 1527 2502; x_wconf 89' lang='lat' dir='ltr'>ad</span> <span class='ocrx_word' id='word_1_774' title='bbox 1539 2484 1612 2502; x_wconf 88' lang='lat' dir='ltr'>accu-</span> 
     </span>
     <span class='ocr_line' id='line_1_124' title="bbox 972 2519 1612 2547; baseline 0.002 -1"><span class='ocrx_word' id='word_1_775' title='bbox 972 2521 1082 2547; x_wconf 89' lang='lat' dir='ltr'>sandum</span> <span class='ocrx_word' id='word_1_776' title='bbox 1096 2520 1157 2547; x_wconf 82' lang='lat' dir='ltr'>ibid.</span> <span class='ocrx_word' id='word_1_777' title='bbox 1168 2535 1202 2540; x_wconf 97' lang='lat'><strong>—</strong></span> <span class='ocrx_word' id='word_1_778' title='bbox 1213 2521 1298 2546; x_wconf 90' lang='lat' dir='ltr'>mirati</span> <span class='ocrx_word' id='word_1_779' title='bbox 1312 2523 1373 2546; x_wconf 89' lang='lat' dir='ltr'>sunt</span> <span class='ocrx_word' id='word_1_780' title='bbox 1385 2520 1418 2546; x_wconf 92' lang='lat' dir='ltr'>de</span> <span class='ocrx_word' id='word_1_781' title='bbox 1432 2519 1532 2546; x_wconf 87' lang='lat' dir='ltr'>Christo</span> <span class='ocrx_word' id='word_1_782' title='bbox 1543 2525 1568 2547; x_wconf 90' lang='lat' dir='ltr'>et</span> <span class='ocrx_word' id='word_1_783' title='bbox 1579 2525 1612 2547; x_wconf 90' lang='lat' dir='ltr'>ta-</span> 
     </span>
     <span class='ocr_line' id='line_1_125' title="bbox 973 2565 1611 2597; baseline 0 -7"><span class='ocrx_word' id='word_1_784' title='bbox 973 2569 1083 2591; x_wconf 90' lang='lat' dir='ltr'>cuerunt</span> <span class='ocrx_word' id='word_1_785' title='bbox 1093 2572 1140 2597; x_wconf 87' lang='lat' dir='ltr'>per</span> <span class='ocrx_word' id='word_1_786' title='bbox 1154 2566 1304 2591; x_wconf 88' lang='lat' dir='ltr'>evidentem</span> <span class='ocrx_word' id='word_1_787' title='bbox 1318 2565 1498 2591; x_wconf 88' lang='lat' dir='ltr'>confusionem</span> <span class='ocrx_word' id='word_1_788' title='bbox 1512 2566 1563 2591; x_wconf 82' lang='lat'>542</span> <span class='ocrx_word' id='word_1_789' title='bbox 1579 2566 1611 2591; x_wconf 88' lang='grc'>33</span> 
     </span>
    </p>

    <p class='ocr_par' dir='ltr' id='par_1_16' title="bbox 973 2609 1615 2945">
     <span class='ocr_line' id='line_1_126' title="bbox 1025 2609 1613 2641; baseline 0 -6"><span class='ocrx_word' id='word_1_790' title='bbox 1025 2625 1059 2628; x_wconf 86' lang='lat'><em>-</em></span> <span class='ocrx_word' id='word_1_791' title='bbox 1079 2617 1108 2635; x_wconf 87' lang='lat' dir='ltr'>ex</span> <span class='ocrx_word' id='word_1_792' title='bbox 1125 2610 1306 2641; x_wconf 77' lang='lat' dir='ltr'>indignatione</span> <span class='ocrx_word' id='word_1_793' title='bbox 1319 2609 1498 2635; x_wconf 92' lang='lat' dir='ltr'>conviciantur</span> <span class='ocrx_word' id='word_1_794' title='bbox 1511 2609 1613 2636; x_wconf 90' lang='lat' dir='ltr'>Christo</span> 
     </span>
     <span class='ocr_line' id='line_1_127' title="bbox 973 2653 1614 2680; baseline 0.002 -1"><span class='ocrx_word' id='word_1_795' title='bbox 973 2654 1006 2679; x_wconf 92' lang='lat' dir='ltr'>Vl</span> <span class='ocrx_word' id='word_1_796' title='bbox 1027 2654 1077 2679; x_wconf 87' lang='grc'>367</span> <span class='ocrx_word' id='word_1_797' title='bbox 1097 2655 1131 2679; x_wconf 85' lang='grc'>65</span> <span class='ocrx_word' id='word_1_798' title='bbox 1151 2669 1186 2672; x_wconf 88' lang='grc'>-</span> <span class='ocrx_word' id='word_1_799' title='bbox 1205 2655 1296 2680; x_wconf 87' lang='lat' dir='ltr'>dicunt</span> <span class='ocrx_word' id='word_1_800' title='bbox 1319 2653 1451 2679; x_wconf 88' lang='lat' dir='ltr'>Christum</span> <span class='ocrx_word' id='word_1_801' title='bbox 1478 2655 1614 2680; x_wconf 87' lang='lat' dir='ltr'>Samarita-</span> 
     </span>
     <span class='ocr_line' id='line_1_128' title="bbox 974 2697 1613 2730; baseline 0.002 -7"><span class='ocrx_word' id='word_1_802' title='bbox 974 2705 1049 2729; x_wconf 86' lang='lat' dir='ltr'>num⁷</span> <span class='ocrx_word' id='word_1_803' title='bbox 1069 2699 1144 2730; x_wconf 88' lang='lat' dir='ltr'>quasi</span> <span class='ocrx_word' id='word_1_804' title='bbox 1164 2705 1215 2723; x_wconf 94' lang='lat' dir='ltr'>non</span> <span class='ocrx_word' id='word_1_805' title='bbox 1229 2698 1260 2722; x_wconf 88' lang='lat' dir='ltr'>sit</span> <span class='ocrx_word' id='word_1_806' title='bbox 1274 2698 1342 2723; x_wconf 85' lang='lat' dir='ltr'>fliius</span> <span class='ocrx_word' id='word_1_807' title='bbox 1361 2697 1480 2723; x_wconf 80' lang='lat' dir='ltr'>Abi-anae</span> <span class='ocrx_word' id='word_1_808' title='bbox 1499 2698 1561 2724; x_wconf 80' lang='lat' dir='ltr'>ibid.</span> <span class='ocrx_word' id='word_1_809' title='bbox 1578 2713 1613 2717; x_wconf 97' lang='lat'>—</span> 
     </span>
     <span class='ocr_line' id='line_1_129' title="bbox 973 2741 1614 2772; baseline 0 -4"><span class='ocrx_word' id='word_1_810' title='bbox 973 2743 1072 2772; x_wconf 88' lang='grc'>(1100111,</span> <span class='ocrx_word' id='word_1_811' title='bbox 1084 2741 1216 2767; x_wconf 85' lang='lat' dir='ltr'>Christum</span> <span class='ocrx_word' id='word_1_812' title='bbox 1231 2741 1399 2767; x_wconf 84' lang='lat' dir='ltr'>instructione</span> <span class='ocrx_word' id='word_1_813' title='bbox 1412 2741 1508 2768; x_wconf 88' lang='lat' dir='ltr'>diaboli</span> <span class='ocrx_word' id='word_1_814' title='bbox 1519 2743 1614 2768; x_wconf 79' lang='lat' dir='ltr'>docere</span> 
     </span>
     <span class='ocr_line' id='line_1_130' title="bbox 974 2784 1614 2816; baseline 0 -5"><span class='ocrx_word' id='word_1_815' title='bbox 974 2790 1000 2811; x_wconf 92' lang='lat' dir='ltr'>et</span> <span class='ocrx_word' id='word_1_816' title='bbox 1018 2786 1147 2811; x_wconf 86' lang='grc'>3111010110</span> <span class='ocrx_word' id='word_1_817' title='bbox 1167 2786 1241 2816; x_wconf 81' lang='lat' dir='ltr'>signa</span> <span class='ocrx_word' id='word_1_818' title='bbox 1262 2786 1345 2810; x_wconf 86' lang='lat' dir='ltr'>facere</span> <span class='ocrx_word' id='word_1_819' title='bbox 1358 2784 1420 2811; x_wconf 82' lang='lat' dir='ltr'>ibid.</span> <span class='ocrx_word' id='word_1_820' title='bbox 1439 2799 1474 2805; x_wconf 89' lang='lat'><em>-</em></span> <span class='ocrx_word' id='word_1_821' title='bbox 1492 2785 1567 2812; x_wconf 80' lang='lat' dir='ltr'>Plebs</span> <span class='ocrx_word' id='word_1_822' title='bbox 1581 2789 1614 2811; x_wconf 91' lang='lat' dir='ltr'>at-</span> 
     </span>
     <span class='ocr_line' id='line_1_131' title="bbox 975 2829 1614 2863; baseline -0.002 -7"><span class='ocrx_word' id='word_1_823' title='bbox 975 2829 1106 2856; x_wconf 89' lang='lat' dir='ltr'>tribuebat</span> <span class='ocrx_word' id='word_1_824' title='bbox 1124 2829 1263 2855; x_wconf 78' lang='lat' dir='ltr'>daemonIO</span> <span class='ocrx_word' id='word_1_825' title='bbox 1283 2836 1362 2860; x_wconf 89' lang='lat' dir='ltr'>opera</span> <span class='ocrx_word' id='word_1_826' title='bbox 1388 2830 1527 2862; x_wconf 81' lang='lat' dir='ltr'>virtutum,</span> <span class='ocrx_word' id='word_1_827' title='bbox 1546 2837 1614 2863; x_wconf 87' lang='lat' dir='ltr'>quac</span> 
     </span>
     <span class='ocr_line' id='line_1_132' title="bbox 975 2874 1615 2906; baseline -0.003 -5"><span class='ocrx_word' id='word_1_828' title='bbox 975 2878 1035 2901; x_wconf 89' lang='lat' dir='ltr'>sunt</span> <span class='ocrx_word' id='word_1_829' title='bbox 1053 2881 1066 2899; x_wconf 89' lang='lat' dir='ltr'>a</span> <span class='ocrx_word' id='word_1_830' title='bbox 1088 2874 1184 2905; x_wconf 84' lang='lat' dir='ltr'>Spiritu</span> <span class='ocrx_word' id='word_1_831' title='bbox 1204 2876 1306 2903; x_wconf 86' lang='lat' dir='ltr'>sancto,</span> <span class='ocrx_word' id='word_1_832' title='bbox 1334 2880 1364 2898; x_wconf 87' lang='lat' dir='ltr'>ex</span> <span class='ocrx_word' id='word_1_833' title='bbox 1390 2874 1503 2906; x_wconf 83' lang='lat' dir='ltr'>nequitia</span> <span class='ocrx_word' id='word_1_834' title='bbox 1528 2874 1615 2899; x_wconf 87' lang='lat' dir='ltr'>cordis</span> 
     </span>
     <span class='ocr_line' id='line_1_133' title="bbox 978 2919 1141 2945; baseline -0.012 0"><span class='ocrx_word' id='word_1_835' title='bbox 978 2921 1019 2945; x_wconf 88' lang='lat' dir='ltr'>Vll</span> <span class='ocrx_word' id='word_1_836' title='bbox 1040 2919 1085 2944; x_wconf 88' lang='grc'>181</span> <span class='ocrx_word' id='word_1_837' title='bbox 1108 2919 1141 2943; x_wconf 75' lang='grc'>58</span> 
     </span>
    </p>

    <p class='ocr_par' dir='ltr' id='par_1_17' title="bbox 978 2962 1617 3210">
     <span class='ocr_line' id='line_1_134' title="bbox 1030 2962 1614 2989; baseline -0.002 0"><span class='ocrx_word' id='word_1_838' title='bbox 1030 2977 1064 2983; x_wconf 91' lang='grc'><strong>-</strong></span> <span class='ocrx_word' id='word_1_839' title='bbox 1089 2963 1221 2989; x_wconf 82' lang='lat' dir='ltr'>Christum</span> <span class='ocrx_word' id='word_1_840' title='bbox 1247 2962 1344 2987; x_wconf 88' lang='grc'>11011100</span> <span class='ocrx_word' id='word_1_841' title='bbox 1364 2965 1458 2987; x_wconf 77' lang='lat' dir='ltr'>vocant</span> <span class='ocrx_word' id='word_1_842' title='bbox 1481 2963 1614 2988; x_wconf 90' lang='lat' dir='ltr'>medicum</span> 
     </span>
     <span class='ocr_line' id='line_1_135' title="bbox 978 3005 1616 3039; baseline 0.002 -8"><span class='ocrx_word' id='word_1_843' title='bbox 978 3008 1019 3033; x_wconf 87' lang='lat' dir='ltr'>Vll</span> <span class='ocrx_word' id='word_1_844' title='bbox 1040 3008 1090 3033; x_wconf 90' lang='grc'>100</span> <span class='ocrx_word' id='word_1_845' title='bbox 1112 3007 1144 3033; x_wconf 84' lang='grc'>49</span> <span class='ocrx_word' id='word_1_846' title='bbox 1170 3022 1198 3025; x_wconf 85' lang='lat'>—</span> <span class='ocrx_word' id='word_1_847' title='bbox 1221 3007 1388 3033; x_wconf 81' lang='lat' dir='ltr'>detrahentes</span> <span class='ocrx_word' id='word_1_848' title='bbox 1409 3005 1511 3032; x_wconf 79' lang='lat' dir='ltr'>Clu-Isto</span> <span class='ocrx_word' id='word_1_849' title='bbox 1533 3007 1616 3039; x_wconf 88' lang='lat' dir='ltr'>tripli-</span> 
     </span>
     <span class='ocr_line' id='line_1_136' title="bbox 978 3051 1615 3083; baseline -0.002 -6"><span class='ocrx_word' id='word_1_850' title='bbox 978 3053 1041 3077; x_wconf 86' lang='lat' dir='ltr'>citer</span> <span class='ocrx_word' id='word_1_851' title='bbox 1060 3052 1225 3079; x_wconf 74' lang='lat' dir='ltr'>confutantur</span> <span class='ocrx_word' id='word_1_852' title='bbox 1252 3058 1298 3082; x_wconf 88' lang='lat' dir='ltr'>per</span> <span class='ocrx_word' id='word_1_853' title='bbox 1319 3051 1438 3082; x_wconf 81' lang='lat' dir='ltr'>exempla</span> <span class='ocrx_word' id='word_1_854' title='bbox 1463 3052 1615 3083; x_wconf 86' lang='lat' dir='ltr'>prophetica</span> 
     </span>
     <span class='ocr_line' id='line_1_137' title="bbox 980 3094 1616 3126; baseline -0.002 -5"><span class='ocrx_word' id='word_1_855' title='bbox 980 3097 1024 3121; x_wconf 91' lang='grc'>101</span> <span class='ocrx_word' id='word_1_856' title='bbox 1050 3096 1092 3126; x_wconf 80' lang='grc'>51,</span> <span class='ocrx_word' id='word_1_857' title='bbox 1111 3097 1144 3121; x_wconf 81' lang='grc'>52</span> <span class='ocrx_word' id='word_1_858' title='bbox 1164 3111 1198 3114; x_wconf 91' lang='grc'><strong>-</strong></span> <span class='ocrx_word' id='word_1_859' title='bbox 1218 3095 1321 3121; x_wconf 89' lang='lat' dir='ltr'>Christo</span> <span class='ocrx_word' id='word_1_860' title='bbox 1340 3094 1555 3121; x_wconf 87' lang='lat' dir='ltr'>conviciabantur</span> <span class='ocrx_word' id='word_1_861' title='bbox 1576 3096 1616 3120; x_wconf 92' lang='lat' dir='ltr'>tri-</span> 
     </span>
     <span class='ocr_line' id='line_1_138' title="bbox 980 3139 1617 3171; baseline 0.002 -7"><span class='ocrx_word' id='word_1_862' title='bbox 980 3141 1080 3171; x_wconf 87' lang='lat' dir='ltr'>pliciter</span> <span class='ocrx_word' id='word_1_863' title='bbox 1103 3142 1149 3166; x_wconf 92' lang='grc'>100</span> <span class='ocrx_word' id='word_1_864' title='bbox 1165 3140 1197 3166; x_wconf 90' lang='grc'>48</span> <span class='ocrx_word' id='word_1_865' title='bbox 1211 3155 1245 3158; x_wconf 90' lang='grc'><strong>-</strong></span> <span class='ocrx_word' id='word_1_866' title='bbox 1260 3147 1306 3171; x_wconf 90' lang='lat' dir='ltr'>per</span> <span class='ocrx_word' id='word_1_867' title='bbox 1320 3139 1429 3164; x_wconf 90' lang='lat' dir='ltr'>modum</span> <span class='ocrx_word' id='word_1_868' title='bbox 1442 3140 1617 3165; x_wconf 86' lang='lat' dir='ltr'>contumeliae</span> 
     </span>
     <span class='ocr_line' id='line_1_139' title="bbox 980 3183 1555 3210; baseline 0 0"><span class='ocrx_word' id='word_1_869' title='bbox 980 3185 1071 3210; x_wconf 88' lang='lat' dir='ltr'>Filium</span> <span class='ocrx_word' id='word_1_870' title='bbox 1091 3185 1136 3210; x_wconf 91' lang='lat' dir='ltr'>Dei</span> <span class='ocrx_word' id='word_1_871' title='bbox 1157 3184 1288 3210; x_wconf 80' lang='lat' dir='ltr'>vocabant</span> <span class='ocrx_word' id='word_1_872' title='bbox 1308 3183 1387 3208; x_wconf 85' lang='grc'>11110111</span> <span class='ocrx_word' id='word_1_873' title='bbox 1410 3183 1473 3209; x_wconf 85' lang='lat' dir='ltr'>fabri</span> <span class='ocrx_word' id='word_1_874' title='bbox 1494 3183 1555 3210; x_wconf 77' lang='lat' dir='ltr'>ibid.</span> 
     </span>
    </p>

    <p class='ocr_par' dir='ltr' id='par_1_18' title="bbox 981 3227 1619 3436">
     <span class='ocr_line' id='line_1_140' title="bbox 1032 3227 1618 3261; baseline -0.002 -7"><span class='ocrx_word' id='word_1_875' title='bbox 1032 3242 1067 3248; x_wconf 91' lang='lat'>--</span> <span class='ocrx_word' id='word_1_876' title='bbox 1081 3229 1229 3261; x_wconf 88' lang='lat' dir='ltr'>despiciunt</span> <span class='ocrx_word' id='word_1_877' title='bbox 1247 3235 1326 3261; x_wconf 87' lang='lat' dir='ltr'>quem</span> <span class='ocrx_word' id='word_1_878' title='bbox 1342 3227 1474 3253; x_wconf 86' lang='lat' dir='ltr'>debebant</span> <span class='ocrx_word' id='word_1_879' title='bbox 1493 3229 1579 3254; x_wconf 86' lang='lat' dir='ltr'>colere</span> <span class='ocrx_word' id='word_1_880' title='bbox 1593 3231 1618 3253; x_wconf 94' lang='lat' dir='ltr'>et</span> 
     </span>
     <span class='ocr_line' id='line_1_141' title="bbox 981 3270 1618 3298; baseline -0.002 0"><span class='ocrx_word' id='word_1_881' title='bbox 981 3274 1109 3298; x_wconf 88' lang='lat' dir='ltr'>honorare</span> <span class='ocrx_word' id='word_1_882' title='bbox 1124 3273 1164 3298; x_wconf 91' lang='lat' dir='ltr'>Vll</span> <span class='ocrx_word' id='word_1_883' title='bbox 1180 3273 1225 3297; x_wconf 83' lang='lat'>404</span> <span class='ocrx_word' id='word_1_884' title='bbox 1246 3272 1278 3297; x_wconf 82' lang='lat'>49</span> <span class='ocrx_word' id='word_1_885' title='bbox 1297 3285 1332 3291; x_wconf 95' lang='lat'>—</span> <span class='ocrx_word' id='word_1_886' title='bbox 1350 3270 1481 3297; x_wconf 84' lang='lat' dir='ltr'>Christum</span> <span class='ocrx_word' id='word_1_887' title='bbox 1502 3272 1551 3298; x_wconf 89' lang='lat' dir='ltr'>sibi</span> <span class='ocrx_word' id='word_1_888' title='bbox 1566 3273 1618 3298; x_wconf 91' lang='lat' dir='ltr'>iuu-</span> 
     </span>
     <span class='ocr_line' id='line_1_142' title="bbox 982 3316 1617 3349; baseline 0 -7"><span class='ocrx_word' id='word_1_889' title='bbox 982 3317 1051 3342; x_wconf 87' lang='lat' dir='ltr'>tilem</span> <span class='ocrx_word' id='word_1_890' title='bbox 1071 3317 1227 3349; x_wconf 83' lang='lat' dir='ltr'>reputabant</span> <span class='ocrx_word' id='word_1_891' title='bbox 1253 3317 1276 3341; x_wconf 95' lang='grc'>10</span> <span class='ocrx_word' id='word_1_892' title='bbox 1302 3316 1489 3347; x_wconf 85' lang='lat' dir='ltr'>temporalibus</span> <span class='ocrx_word' id='word_1_893' title='bbox 1514 3316 1546 3342; x_wconf 86' lang='lat' dir='ltr'>Vl</span> <span class='ocrx_word' id='word_1_894' title='bbox 1568 3317 1617 3342; x_wconf 88' lang='grc'>122</span> 
     </span>
     <span class='ocr_line' id='line_1_143' title="bbox 982 3360 1619 3391; baseline 0 -5"><span class='ocrx_word' id='word_1_895' title='bbox 982 3369 1008 3386; x_wconf 93' lang='lat' dir='ltr'>v.</span> <span class='ocrx_word' id='word_1_896' title='bbox 1028 3361 1060 3386; x_wconf 85' lang='lat'>42</span> <span class='ocrx_word' id='word_1_897' title='bbox 1074 3374 1108 3379; x_wconf 84' lang='lat'>——</span> <span class='ocrx_word' id='word_1_898' title='bbox 1122 3360 1220 3386; x_wconf 87' lang='lat' dir='ltr'>bonum</span> <span class='ocrx_word' id='word_1_899' title='bbox 1240 3367 1293 3386; x_wconf 91' lang='lat' dir='ltr'>non</span> <span class='ocrx_word' id='word_1_900' title='bbox 1314 3362 1434 3391; x_wconf 83' lang='lat' dir='ltr'>poterant</span> <span class='ocrx_word' id='word_1_901' title='bbox 1449 3367 1619 3391; x_wconf 78' lang='lat' dir='ltr'>cognoscere,</span> 
     </span>
     <span class='ocr_line' id='line_1_144' title="bbox 982 3404 1551 3436; baseline -0.002 -6"><span class='ocrx_word' id='word_1_902' title='bbox 982 3405 1028 3431; x_wconf 84' lang='lat' dir='ltr'>sed</span> <span class='ocrx_word' id='word_1_903' title='bbox 1048 3405 1081 3430; x_wconf 88' lang='lat' dir='ltr'>ad</span> <span class='ocrx_word' id='word_1_904' title='bbox 1102 3406 1200 3431; x_wconf 87' lang='lat' dir='ltr'>malum</span> <span class='ocrx_word' id='word_1_905' title='bbox 1220 3408 1293 3431; x_wconf 86' lang='lat' dir='ltr'>erant</span> <span class='ocrx_word' id='word_1_906' title='bbox 1312 3404 1427 3436; x_wconf 90' lang='lat' dir='ltr'>prompti</span> <span class='ocrx_word' id='word_1_907' title='bbox 1448 3405 1498 3430; x_wconf 88' lang='lat'><strong>369</strong></span> <span class='ocrx_word' id='word_1_908' title='bbox 1518 3404 1551 3430; x_wconf 87' lang='lat'>76</span> 
     </span>
    </p>
   </div>
   <div class='ocr_carea' id='block_1_6' title="bbox 1620 549 1642 3413">
    <p class='ocr_par' dir='ltr' id='par_1_19' title="bbox 1620 549 1642 3413">
     <span class='ocr_line' id='line_1_145' title="bbox 1620 549 1642 3413; baseline 0 0"><span class='ocrx_word' id='word_1_909' title='bbox 1620 549 1642 3413; x_wconf 95' lang='lat' dir='ltr'> </span> 
     </span>
    </p>
   </div>
   <div class='ocr_carea' id='block_1_7' title="bbox 1639 291 2295 3432">
    <p class='ocr_par' dir='ltr' id='par_1_20' title="bbox 1928 291 1982 317">
     <span class='ocr_line' id='line_1_146' title="bbox 1928 291 1982 317; baseline -0.019 0"><span class='ocrx_word' id='word_1_910' title='bbox 1928 291 1982 317; x_wconf 91' lang='lat' dir='ltr'>lUD</span> 
     </span>
    </p>

    <p class='ocr_par' dir='ltr' id='par_1_21' title="bbox 1639 334 2278 501">
     <span class='ocr_line' id='line_1_147' title="bbox 1692 334 2276 367; baseline -0.003 -5"><span class='ocrx_word' id='word_1_911' title='bbox 1692 351 1726 354; x_wconf 97' lang='lat'><strong>—</strong></span> <span class='ocrx_word' id='word_1_912' title='bbox 1746 336 1901 362; x_wconf 85' lang='lat' dir='ltr'>dissentiunt</span> <span class='ocrx_word' id='word_1_913' title='bbox 1929 336 1962 361; x_wconf 91' lang='lat' dir='ltr'>de</span> <span class='ocrx_word' id='word_1_914' title='bbox 1980 334 2083 361; x_wconf 88' lang='lat' dir='ltr'>Christo</span> <span class='ocrx_word' id='word_1_915' title='bbox 2107 342 2138 360; x_wconf 87' lang='lat' dir='ltr'>ex</span> <span class='ocrx_word' id='word_1_916' title='bbox 2157 335 2276 367; x_wconf 89' lang='lat' dir='ltr'>ipsorum</span> 
     </span>
     <span class='ocr_line' id='line_1_148' title="bbox 1640 380 2278 412; baseline 0.002 -7"><span class='ocrx_word' id='word_1_917' title='bbox 1640 381 1736 406; x_wconf 87' lang='lat' dir='ltr'>malitia</span> <span class='ocrx_word' id='word_1_918' title='bbox 1756 380 1788 405; x_wconf 93' lang='lat' dir='ltr'>Vl</span> <span class='ocrx_word' id='word_1_919' title='bbox 1810 380 1856 406; x_wconf 88' lang='grc'>351</span> <span class='ocrx_word' id='word_1_920' title='bbox 1881 380 1909 405; x_wconf 88' lang='grc'>61</span> <span class='ocrx_word' id='word_1_921' title='bbox 1929 394 1962 398; x_wconf 94' lang='grc'><strong>-</strong></span> <span class='ocrx_word' id='word_1_922' title='bbox 1976 383 2106 412; x_wconf 86' lang='lat' dir='ltr'>quaerunt</span> <span class='ocrx_word' id='word_1_923' title='bbox 2124 381 2278 406; x_wconf 86' lang='lat' dir='ltr'>calumniari</span> 
     </span>
     <span class='ocr_line' id='line_1_149' title="bbox 1639 424 2277 457; baseline 0 -7"><span class='ocrx_word' id='word_1_924' title='bbox 1639 424 1755 450; x_wconf 89' lang='lat' dir='ltr'>veritatis</span> <span class='ocrx_word' id='word_1_925' title='bbox 1767 424 1902 450; x_wconf 89' lang='lat' dir='ltr'>doctorem</span> <span class='ocrx_word' id='word_1_926' title='bbox 1911 445 1917 457; x_wconf 83' lang='lat'>‚</span> <span class='ocrx_word' id='word_1_927' title='bbox 1930 425 1991 457; x_wconf 92' lang='lat' dir='ltr'>quia</span> <span class='ocrx_word' id='word_1_928' title='bbox 2005 425 2127 451; x_wconf 87' lang='lat' dir='ltr'>malitiosi</span> <span class='ocrx_word' id='word_1_929' title='bbox 2139 428 2212 451; x_wconf 86' lang='lat' dir='ltr'>erant</span> <span class='ocrx_word' id='word_1_930' title='bbox 2226 425 2277 450; x_wconf 87' lang='grc'>258</span> 
     </span>
     <span class='ocr_line' id='line_1_150' title="bbox 1640 469 1741 501; baseline 0 -7"><span class='ocrx_word' id='word_1_931' title='bbox 1640 469 1687 501; x_wconf 87' lang='grc'>53,</span> <span class='ocrx_word' id='word_1_932' title='bbox 1707 469 1741 494; x_wconf 88' lang='grc'>54</span> 
     </span>
    </p>

    <p class='ocr_par' dir='ltr' id='par_1_22' title="bbox 1640 513 2281 717">
     <span class='ocr_line' id='line_1_151' title="bbox 1693 513 2280 540; baseline 0.003 -2"><span class='ocrx_word' id='word_1_933' title='bbox 1693 528 1727 531; x_wconf 93' lang='grc'>-</span> <span class='ocrx_word' id='word_1_934' title='bbox 1748 514 1861 539; x_wconf 88' lang='lat' dir='ltr'>furentes</span> <span class='ocrx_word' id='word_1_935' title='bbox 1884 513 2002 539; x_wconf 85' lang='lat' dir='ltr'>doctriua</span> <span class='ocrx_word' id='word_1_936' title='bbox 2024 513 2118 540; x_wconf 90' lang='lat' dir='ltr'>Christi</span> <span class='ocrx_word' id='word_1_937' title='bbox 2146 514 2280 540; x_wconf 87' lang='lat' dir='ltr'>elevantur</span> 
     </span>
     <span class='ocr_line' id='line_1_152' title="bbox 1640 558 2281 585; baseline 0.003 -2"><span class='ocrx_word' id='word_1_938' title='bbox 1640 558 1666 583; x_wconf 92' lang='lat' dir='ltr'>in</span> <span class='ocrx_word' id='word_1_939' title='bbox 1679 558 1880 583; x_wconf 86' lang='lat' dir='ltr'>admirationem</span> <span class='ocrx_word' id='word_1_940' title='bbox 1894 558 1926 584; x_wconf 94' lang='lat' dir='ltr'>Vl</span> <span class='ocrx_word' id='word_1_941' title='bbox 1941 558 1992 584; x_wconf 88' lang='lat'>343</span> <span class='ocrx_word' id='word_1_942' title='bbox 2012 558 2046 584; x_wconf 87' lang='grc'>24</span> <span class='ocrx_word' id='word_1_943' title='bbox 2065 573 2100 577; x_wconf 86' lang='grc'>-</span> <span class='ocrx_word' id='word_1_944' title='bbox 2119 566 2170 584; x_wconf 90' lang='grc'>000</span> <span class='ocrx_word' id='word_1_945' title='bbox 2189 559 2281 585; x_wconf 87' lang='lat' dir='ltr'>intelli-</span> 
     </span>
     <span class='ocr_line' id='line_1_153' title="bbox 1640 601 2278 635; baseline 0.003 -8"><span class='ocrx_word' id='word_1_946' title='bbox 1640 605 1731 634; x_wconf 80' lang='lat' dir='ltr'>gentes</span> <span class='ocrx_word' id='word_1_947' title='bbox 1755 601 1886 628; x_wconf 89' lang='lat' dir='ltr'>Christum</span> <span class='ocrx_word' id='word_1_948' title='bbox 1912 602 1988 628; x_wconf 82' lang='lat' dir='ltr'>stulte</span> <span class='ocrx_word' id='word_1_949' title='bbox 2012 603 2209 635; x_wconf 89' lang='lat' dir='ltr'>reprehendunt</span> <span class='ocrx_word' id='word_1_950' title='bbox 2227 604 2278 629; x_wconf 89' lang='grc'>329</span> 
     </span>
     <span class='ocr_line' id='line_1_154' title="bbox 1641 646 2281 679; baseline 0.003 -7"><span class='ocrx_word' id='word_1_951' title='bbox 1641 647 1673 672; x_wconf 88' lang='grc'>67</span> <span class='ocrx_word' id='word_1_952' title='bbox 1694 661 1727 665; x_wconf 90' lang='grc'><strong>-</strong></span> <span class='ocrx_word' id='word_1_953' title='bbox 1754 646 1974 679; x_wconf 87' lang='lat' dir='ltr'>blasphemabant</span> <span class='ocrx_word' id='word_1_954' title='bbox 2002 647 2127 678; x_wconf 84' lang='lat' dir='ltr'>dicentes,</span> <span class='ocrx_word' id='word_1_955' title='bbox 2146 655 2198 673; x_wconf 93' lang='lat' dir='ltr'>non</span> <span class='ocrx_word' id='word_1_956' title='bbox 2223 655 2281 674; x_wconf 85' lang='lat' dir='ltr'>esse</span> 
     </span>
     <span class='ocr_line' id='line_1_155' title="bbox 1640 691 1849 717; baseline -0.005 0"><span class='ocrx_word' id='word_1_957' title='bbox 1640 692 1723 717; x_wconf 91' lang='lat' dir='ltr'>Deum</span> <span class='ocrx_word' id='word_1_958' title='bbox 1744 692 1795 717; x_wconf 89' lang='grc'>392</span> <span class='ocrx_word' id='word_1_959' title='bbox 1817 691 1849 716; x_wconf 89' lang='lat'>47</span> 
     </span>
    </p>

    <p class='ocr_par' dir='ltr' id='par_1_23' title="bbox 1640 735 2282 941">
     <span class='ocr_line' id='line_1_156' title="bbox 1694 735 2280 770; baseline 0.005 -10"><span class='ocrx_word' id='word_1_960' title='bbox 1694 750 1729 755; x_wconf 97' lang='lat'><strong>—</strong></span> <span class='ocrx_word' id='word_1_961' title='bbox 1748 735 1873 761; x_wconf 90' lang='lat' dir='ltr'>volebant</span> <span class='ocrx_word' id='word_1_962' title='bbox 1900 735 2031 762; x_wconf 87' lang='lat' dir='ltr'>Christum</span> <span class='ocrx_word' id='word_1_963' title='bbox 2060 737 2194 768; x_wconf 89' lang='lat' dir='ltr'>lapidare,</span> <span class='ocrx_word' id='word_1_964' title='bbox 2219 737 2280 770; x_wconf 86' lang='lat' dir='ltr'>quia</span> 
     </span>
     <span class='ocr_line' id='line_1_157' title="bbox 1640 780 2281 812; baseline 0.003 -6"><span class='ocrx_word' id='word_1_965' title='bbox 1640 780 1779 806; x_wconf 88' lang='lat' dir='ltr'>videbatur</span> <span class='ocrx_word' id='word_1_966' title='bbox 1804 780 2002 812; x_wconf 89' lang='lat' dir='ltr'>blasphemasse</span> <span class='ocrx_word' id='word_1_967' title='bbox 2021 781 2054 806; x_wconf 88' lang='lat' dir='ltr'>Vl</span> <span class='ocrx_word' id='word_1_968' title='bbox 2081 781 2127 807; x_wconf 91' lang='grc'>371</span> <span class='ocrx_word' id='word_1_969' title='bbox 2158 782 2201 807; x_wconf 91' lang='lat'>83.</span> <span class='ocrx_word' id='word_1_970' title='bbox 2229 782 2281 808; x_wconf 85' lang='lat'>392</span> 
     </span>
     <span class='ocr_line' id='line_1_158' title="bbox 1643 825 2276 858; baseline 0.003 -8"><span class='ocrx_word' id='word_1_971' title='bbox 1643 825 1676 851; x_wconf 89' lang='grc'>44</span> <span class='ocrx_word' id='word_1_972' title='bbox 1695 839 1730 844; x_wconf 95' lang='grc'><strong>-</strong></span> <span class='ocrx_word' id='word_1_973' title='bbox 1749 826 1889 850; x_wconf 90' lang='lat' dir='ltr'>voluerunt</span> <span class='ocrx_word' id='word_1_974' title='bbox 1916 826 2056 851; x_wconf 89' lang='lat' dir='ltr'>Dominum</span> <span class='ocrx_word' id='word_1_975' title='bbox 2085 826 2202 858; x_wconf 89' lang='lat' dir='ltr'>lapidare</span> <span class='ocrx_word' id='word_1_976' title='bbox 2230 827 2276 852; x_wconf 90' lang='grc'>391</span> 
     </span>
     <span class='ocr_line' id='line_1_159' title="bbox 1643 869 2282 903; baseline 0.005 -9"><span class='ocrx_word' id='word_1_977' title='bbox 1643 869 1676 895; x_wconf 90' lang='grc'>42</span> <span class='ocrx_word' id='word_1_978' title='bbox 1701 883 1737 888; x_wconf 92' lang='grc'>-</span> <span class='ocrx_word' id='word_1_979' title='bbox 1762 869 1971 895; x_wconf 84' lang='lat' dir='ltr'>irrationabiliter</span> <span class='ocrx_word' id='word_1_980' title='bbox 1995 871 2060 896; x_wconf 92' lang='lat' dir='ltr'>moti</span> <span class='ocrx_word' id='word_1_981' title='bbox 2083 873 2143 896; x_wconf 84' lang='lat' dir='ltr'>sunt</span> <span class='ocrx_word' id='word_1_982' title='bbox 2167 871 2202 896; x_wconf 89' lang='lat' dir='ltr'>ad</span> <span class='ocrx_word' id='word_1_983' title='bbox 2226 878 2282 903; x_wconf 89' lang='lat' dir='ltr'>per-</span> 
     </span>
     <span class='ocr_line' id='line_1_160' title="bbox 1643 913 2235 941; baseline 0.003 -2"><span class='ocrx_word' id='word_1_984' title='bbox 1643 914 1803 939; x_wconf 88' lang='lat' dir='ltr'>secutionem</span> <span class='ocrx_word' id='word_1_985' title='bbox 1821 914 1924 939; x_wconf 75' lang='lat' dir='ltr'>DomIni</span> <span class='ocrx_word' id='word_1_986' title='bbox 1943 913 2129 941; x_wconf 84' lang='lat' dir='ltr'>benefacientis</span> <span class='ocrx_word' id='word_1_987' title='bbox 2148 914 2181 941; x_wconf 85' lang='lat' dir='ltr'>ib.</span> <span class='ocrx_word' id='word_1_988' title='bbox 2202 915 2235 941; x_wconf 84' lang='lat'>43</span> 
     </span>
    </p>

    <p class='ocr_par' dir='ltr' id='par_1_24' title="bbox 1643 958 2286 1430">
     <span class='ocr_line' id='line_1_161' title="bbox 1696 958 2283 990; baseline 0.003 -7"><span class='ocrx_word' id='word_1_989' title='bbox 1696 973 1730 976; x_wconf 97' lang='lat'><strong>—</strong></span> <span class='ocrx_word' id='word_1_990' title='bbox 1750 958 1905 990; x_wconf 85' lang='lat' dir='ltr'>expulerunt</span> <span class='ocrx_word' id='word_1_991' title='bbox 1924 959 2009 984; x_wconf 90' lang='lat' dir='ltr'>lesum</span> <span class='ocrx_word' id='word_1_992' title='bbox 2025 966 2040 984; x_wconf 91' lang='lat' dir='ltr'>e</span> <span class='ocrx_word' id='word_1_993' title='bbox 2059 959 2156 985; x_wconf 86' lang='lat' dir='ltr'>tinibus</span> <span class='ocrx_word' id='word_1_994' title='bbox 2175 960 2230 986; x_wconf 89' lang='lat' dir='ltr'>suis</span> <span class='ocrx_word' id='word_1_995' title='bbox 2249 960 2283 985; x_wconf 93' lang='lat' dir='ltr'>Vl</span> 
     </span>
     <span class='ocr_line' id='line_1_162' title="bbox 1644 1003 2283 1036; baseline 0.005 -9"><span class='ocrx_word' id='word_1_996' title='bbox 1644 1003 1694 1028; x_wconf 87' lang='grc'>298</span> <span class='ocrx_word' id='word_1_997' title='bbox 1715 1003 1748 1028; x_wconf 92' lang='grc'>60</span> <span class='ocrx_word' id='word_1_998' title='bbox 1767 1016 1802 1022; x_wconf 93' lang='lat'>—-</span> <span class='ocrx_word' id='word_1_999' title='bbox 1821 1003 1929 1029; x_wconf 91' lang='lat' dir='ltr'>oderant</span> <span class='ocrx_word' id='word_1_1000' title='bbox 1946 1003 2094 1035; x_wconf 88' lang='lat' dir='ltr'>Christum,</span> <span class='ocrx_word' id='word_1_1001' title='bbox 2114 1011 2175 1030; x_wconf 90' lang='lat' dir='ltr'>cum</span> <span class='ocrx_word' id='word_1_1002' title='bbox 2195 1004 2283 1036; x_wconf 86' lang='lat' dir='ltr'>potius</span> 
     </span>
     <span class='ocr_line' id='line_1_163' title="bbox 1643 1047 2283 1080; baseline 0.003 -8"><span class='ocrx_word' id='word_1_1003' title='bbox 1643 1047 1782 1073; x_wconf 85' lang='lat' dir='ltr'>debuerint</span> <span class='ocrx_word' id='word_1_1004' title='bbox 1801 1055 1862 1073; x_wconf 91' lang='lat' dir='ltr'>eum</span> <span class='ocrx_word' id='word_1_1005' title='bbox 1876 1048 1986 1080; x_wconf 91' lang='lat' dir='ltr'>diligere</span> <span class='ocrx_word' id='word_1_1006' title='bbox 2006 1049 2047 1074; x_wconf 95' lang='lat' dir='ltr'>Vll</span> <span class='ocrx_word' id='word_1_1007' title='bbox 2063 1048 2113 1074; x_wconf 89' lang='grc'>479</span> <span class='ocrx_word' id='word_1_1008' title='bbox 2134 1049 2162 1074; x_wconf 89' lang='grc'>21</span> <span class='ocrx_word' id='word_1_1009' title='bbox 2181 1062 2217 1068; x_wconf 89' lang='grc'><strong>-</strong></span> <span class='ocrx_word' id='word_1_1010' title='bbox 2229 1056 2283 1074; x_wconf 89' lang='grc'>000</span> 
     </span>
     <span class='ocr_line' id='line_1_164' title="bbox 1643 1092 2285 1125; baseline 0.002 -8"><span class='ocrx_word' id='word_1_1011' title='bbox 1643 1094 1744 1117; x_wconf 87' lang='grc'>13010111</span> <span class='ocrx_word' id='word_1_1012' title='bbox 1763 1092 1876 1118; x_wconf 86' lang='grc'>01101001</span> <span class='ocrx_word' id='word_1_1013' title='bbox 1894 1092 2025 1118; x_wconf 89' lang='lat' dir='ltr'>Christum</span> <span class='ocrx_word' id='word_1_1014' title='bbox 2039 1095 2220 1125; x_wconf 87' lang='lat' dir='ltr'>praesentem,</span> <span class='ocrx_word' id='word_1_1015' title='bbox 2239 1100 2285 1118; x_wconf 90' lang='lat' dir='ltr'>ve-</span> 
     </span>
     <span class='ocr_line' id='line_1_165' title="bbox 1643 1137 2284 1169; baseline 0.002 -7"><span class='ocrx_word' id='word_1_1016' title='bbox 1643 1143 1703 1162; x_wconf 92' lang='lat' dir='ltr'>rum</span> <span class='ocrx_word' id='word_1_1017' title='bbox 1732 1137 1809 1162; x_wconf 91' lang='lat' dir='ltr'>ctiam</span> <span class='ocrx_word' id='word_1_1018' title='bbox 1838 1140 2020 1169; x_wconf 85' lang='lat' dir='ltr'>resurgentem</span> <span class='ocrx_word' id='word_1_1019' title='bbox 2049 1140 2074 1163; x_wconf 90' lang='lat' dir='ltr'>et</span> <span class='ocrx_word' id='word_1_1020' title='bbox 2099 1138 2284 1164; x_wconf 86' lang='lat' dir='ltr'>ascendentem</span> 
     </span>
     <span class='ocr_line' id='line_1_166' title="bbox 1644 1180 2284 1213; baseline 0.003 -7"><span class='ocrx_word' id='word_1_1021' title='bbox 1644 1180 1706 1207; x_wconf 76' lang='lat' dir='ltr'>ibid.</span> <span class='ocrx_word' id='word_1_1022' title='bbox 1719 1196 1753 1200; x_wconf 97' lang='lat'><strong>—</strong></span> <span class='ocrx_word' id='word_1_1023' title='bbox 1767 1189 1818 1207; x_wconf 89' lang='lat' dir='ltr'>non</span> <span class='ocrx_word' id='word_1_1024' title='bbox 1832 1182 1917 1207; x_wconf 90' lang='lat' dir='ltr'>solum</span> <span class='ocrx_word' id='word_1_1025' title='bbox 1932 1182 2061 1213; x_wconf 87' lang='lat' dir='ltr'>persecuti</span> <span class='ocrx_word' id='word_1_1026' title='bbox 2075 1185 2136 1208; x_wconf 91' lang='lat' dir='ltr'>sunt</span> <span class='ocrx_word' id='word_1_1027' title='bbox 2152 1182 2284 1208; x_wconf 90' lang='lat' dir='ltr'>Christum</span> 
     </span>
     <span class='ocr_line' id='line_1_167' title="bbox 1645 1225 2284 1258; baseline 0.002 -7"><span class='ocrx_word' id='word_1_1028' title='bbox 1645 1226 1670 1250; x_wconf 93' lang='lat' dir='ltr'>in</span> <span class='ocrx_word' id='word_1_1029' title='bbox 1690 1233 1730 1258; x_wconf 80' lang='lat' dir='ltr'>se,</span> <span class='ocrx_word' id='word_1_1030' title='bbox 1756 1233 1849 1252; x_wconf 89' lang='lat' dir='ltr'>verum</span> <span class='ocrx_word' id='word_1_1031' title='bbox 1869 1226 1947 1252; x_wconf 89' lang='lat' dir='ltr'>etiam</span> <span class='ocrx_word' id='word_1_1032' title='bbox 1973 1227 2000 1251; x_wconf 92' lang='lat' dir='ltr'>in</span> <span class='ocrx_word' id='word_1_1033' title='bbox 2023 1233 2072 1252; x_wconf 94' lang='lat' dir='ltr'>suo</span> <span class='ocrx_word' id='word_1_1034' title='bbox 2091 1233 2203 1258; x_wconf 89' lang='lat' dir='ltr'>corpore</span> <span class='ocrx_word' id='word_1_1035' title='bbox 2222 1225 2284 1253; x_wconf 77' lang='lat' dir='ltr'>ibid.</span> 
     </span>
     <span class='ocr_line' id='line_1_168' title="bbox 1645 1271 2286 1304; baseline 0 -8"><span class='ocrx_word' id='word_1_1036' title='bbox 1645 1284 1679 1290; x_wconf 90' lang='lat'>—</span> <span class='ocrx_word' id='word_1_1037' title='bbox 1692 1271 1819 1297; x_wconf 90' lang='lat' dir='ltr'>Dominus</span> <span class='ocrx_word' id='word_1_1038' title='bbox 1837 1271 1940 1297; x_wconf 89' lang='lat' dir='ltr'>ludaeis</span> <span class='ocrx_word' id='word_1_1039' title='bbox 1956 1271 2044 1303; x_wconf 93' lang='lat' dir='ltr'>ipsum</span> <span class='ocrx_word' id='word_1_1040' title='bbox 2064 1271 2286 1304; x_wconf 88' lang='lat' dir='ltr'>persequentibus</span> 
     </span>
     <span class='ocr_line' id='line_1_169' title="bbox 1644 1316 2285 1341; baseline 0 0"><span class='ocrx_word' id='word_1_1041' title='bbox 1644 1316 1757 1341; x_wconf 90' lang='lat' dir='ltr'>ostendit</span> <span class='ocrx_word' id='word_1_1042' title='bbox 1775 1323 1851 1341; x_wconf 88' lang='lat' dir='ltr'>suam</span> <span class='ocrx_word' id='word_1_1043' title='bbox 1876 1316 2048 1341; x_wconf 86' lang='lat' dir='ltr'>humilitatem</span> <span class='ocrx_word' id='word_1_1044' title='bbox 2068 1316 2100 1341; x_wconf 90' lang='lat' dir='ltr'>Vl</span> <span class='ocrx_word' id='word_1_1045' title='bbox 2128 1316 2174 1341; x_wconf 85' lang='lat'>374</span> <span class='ocrx_word' id='word_1_1046' title='bbox 2199 1316 2232 1341; x_wconf 89' lang='grc'>83</span> <span class='ocrx_word' id='word_1_1047' title='bbox 2252 1330 2285 1334; x_wconf 91' lang='lat'>——</span> 
     </span>
     <span class='ocr_line' id='line_1_170' title="bbox 1645 1359 2286 1386; baseline 0.002 -1"><span class='ocrx_word' id='word_1_1048' title='bbox 1645 1359 1776 1386; x_wconf 89' lang='lat' dir='ltr'>Christum</span> <span class='ocrx_word' id='word_1_1049' title='bbox 1791 1367 1843 1385; x_wconf 87' lang='lat' dir='ltr'>non</span> <span class='ocrx_word' id='word_1_1050' title='bbox 1862 1363 1922 1386; x_wconf 90' lang='lat' dir='ltr'>sunt</span> <span class='ocrx_word' id='word_1_1051' title='bbox 1934 1360 2010 1385; x_wconf 89' lang='lat' dir='ltr'>veriti</span> <span class='ocrx_word' id='word_1_1052' title='bbox 2029 1367 2078 1386; x_wconf 89' lang='grc'>000</span> <span class='ocrx_word' id='word_1_1053' title='bbox 2092 1361 2175 1386; x_wconf 87' lang='lat' dir='ltr'>Deum</span> <span class='ocrx_word' id='word_1_1054' title='bbox 2195 1367 2286 1386; x_wconf 91' lang='lat' dir='ltr'>veren-</span> 
     </span>
     <span class='ocr_line' id='line_1_171' title="bbox 1646 1404 1874 1430; baseline 0 -1"><span class='ocrx_word' id='word_1_1055' title='bbox 1646 1407 1688 1429; x_wconf 90' lang='lat' dir='ltr'>tur</span> <span class='ocrx_word' id='word_1_1056' title='bbox 1708 1405 1749 1430; x_wconf 85' lang='lat' dir='ltr'>Vll</span> <span class='ocrx_word' id='word_1_1057' title='bbox 1770 1404 1821 1429; x_wconf 85' lang='lat'>506</span> <span class='ocrx_word' id='word_1_1058' title='bbox 1842 1405 1874 1429; x_wconf 88' lang='grc'>18</span> 
     </span>
    </p>

    <p class='ocr_par' dir='ltr' id='par_1_25' title="bbox 1646 1448 2290 1829">
     <span class='ocr_line' id='line_1_172' title="bbox 1700 1448 2286 1475; baseline 0.003 -2"><span class='ocrx_word' id='word_1_1059' title='bbox 1700 1463 1734 1466; x_wconf 82' lang='lat'>—</span> <span class='ocrx_word' id='word_1_1060' title='bbox 1754 1449 1950 1475; x_wconf 82' lang='lat' dir='ltr'>confutatisunt</span> <span class='ocrx_word' id='word_1_1061' title='bbox 1969 1456 1983 1474; x_wconf 91' lang='lat' dir='ltr'>a</span> <span class='ocrx_word' id='word_1_1062' title='bbox 2003 1448 2104 1475; x_wconf 87' lang='lat' dir='ltr'>Christo</span> <span class='ocrx_word' id='word_1_1063' title='bbox 2119 1449 2162 1475; x_wconf 91' lang='lat' dir='ltr'>Vll</span> <span class='ocrx_word' id='word_1_1064' title='bbox 2178 1449 2223 1474; x_wconf 88' lang='lat'>404</span> <span class='ocrx_word' id='word_1_1065' title='bbox 2243 1449 2286 1475; x_wconf 89' lang='grc'>51.</span> 
     </span>
     <span class='ocr_line' id='line_1_173' title="bbox 1648 1486 2288 1526; baseline 0.002 -8"><span class='ocrx_word' id='word_1_1066' title='bbox 1648 1493 1698 1518; x_wconf 91' lang='grc'>103</span> <span class='ocrx_word' id='word_1_1067' title='bbox 1718 1493 1751 1518; x_wconf 82' lang='grc'>56</span> <span class='ocrx_word' id='word_1_1068' title='bbox 1773 1507 1806 1511; x_wconf 87' lang='grc'><strong>-</strong></span> <span class='ocrx_word' id='word_1_1069' title='bbox 1826 1494 1982 1519; x_wconf 89' lang='lat' dir='ltr'>ludaeorum</span> <span class='ocrx_word' id='word_1_1070' title='bbox 2012 1486 2161 1525; x_wconf 86' lang='lat' dir='ltr'>malignitas</span> <span class='ocrx_word' id='word_1_1071' title='bbox 2180 1494 2204 1520; x_wconf 91' lang='lat' dir='ltr'>in</span> <span class='ocrx_word' id='word_1_1072' title='bbox 2230 1501 2288 1526; x_wconf 90' lang='lat' dir='ltr'>per-</span> 
     </span>
     <span class='ocr_line' id='line_1_174' title="bbox 1647 1537 2288 1570; baseline 0.003 -8"><span class='ocrx_word' id='word_1_1073' title='bbox 1647 1537 1782 1569; x_wconf 89' lang='lat' dir='ltr'>sequendo</span> <span class='ocrx_word' id='word_1_1074' title='bbox 1801 1537 1931 1563; x_wconf 84' lang='lat' dir='ltr'>Christum</span> <span class='ocrx_word' id='word_1_1075' title='bbox 1952 1538 2132 1564; x_wconf 80' lang='lat' dir='ltr'>manifestatur</span> <span class='ocrx_word' id='word_1_1076' title='bbox 2153 1538 2288 1570; x_wconf 87' lang='lat' dir='ltr'>tripliciter</span> 
     </span>
     <span class='ocr_line' id='line_1_175' title="bbox 1649 1582 2288 1614; baseline 0.005 -8"><span class='ocrx_word' id='word_1_1077' title='bbox 1649 1582 1699 1607; x_wconf 88' lang='lat'>403</span> <span class='ocrx_word' id='word_1_1078' title='bbox 1713 1582 1745 1607; x_wconf 84' lang='lat'>57</span> <span class='ocrx_word' id='word_1_1079' title='bbox 1760 1597 1794 1600; x_wconf 86' lang='lat'><strong>—</strong></span> <span class='ocrx_word' id='word_1_1080' title='bbox 1810 1583 1974 1614; x_wconf 88' lang='lat' dir='ltr'>responsioni</span> <span class='ocrx_word' id='word_1_1081' title='bbox 1995 1582 2090 1609; x_wconf 88' lang='lat' dir='ltr'>Christi</span> <span class='ocrx_word' id='word_1_1082' title='bbox 2108 1583 2288 1609; x_wconf 86' lang='lat' dir='ltr'>contradicere</span> 
     </span>
     <span class='ocr_line' id='line_1_176' title="bbox 1647 1627 2289 1660; baseline 0.003 -9"><span class='ocrx_word' id='word_1_1083' title='bbox 1647 1633 1698 1651; x_wconf 91' lang='lat' dir='ltr'>non</span> <span class='ocrx_word' id='word_1_1084' title='bbox 1718 1627 1846 1657; x_wconf 86' lang='lat' dir='ltr'>valentes,</span> <span class='ocrx_word' id='word_1_1085' title='bbox 1860 1627 1946 1659; x_wconf 85' lang='lat' dir='ltr'>ipsum</span> <span class='ocrx_word' id='word_1_1086' title='bbox 1961 1627 2107 1653; x_wconf 75' lang='lat' dir='ltr'>interficere</span> <span class='ocrx_word' id='word_1_1087' title='bbox 2125 1627 2289 1660; x_wconf 86' lang='lat' dir='ltr'>quaerebant</span> 
     </span>
     <span class='ocr_line' id='line_1_177' title="bbox 1648 1671 2288 1698; baseline 0.005 -3"><span class='ocrx_word' id='word_1_1088' title='bbox 1648 1671 1680 1696; x_wconf 94' lang='lat' dir='ltr'>Vl</span> <span class='ocrx_word' id='word_1_1089' title='bbox 1701 1671 1751 1696; x_wconf 89' lang='grc'>307</span> <span class='ocrx_word' id='word_1_1090' title='bbox 1772 1671 1805 1696; x_wconf 93' lang='grc'>30</span> <span class='ocrx_word' id='word_1_1091' title='bbox 1825 1685 1860 1690; x_wconf 94' lang='grc'><strong>-</strong></span> <span class='ocrx_word' id='word_1_1092' title='bbox 1879 1671 1938 1696; x_wconf 87' lang='grc'>10311</span> <span class='ocrx_word' id='word_1_1093' title='bbox 1964 1678 1994 1697; x_wconf 93' lang='lat' dir='ltr'>ex</span> <span class='ocrx_word' id='word_1_1094' title='bbox 2020 1672 2154 1698; x_wconf 88' lang='lat' dir='ltr'>curatione</span> <span class='ocrx_word' id='word_1_1095' title='bbox 2180 1672 2206 1698; x_wconf 90' lang='lat' dir='ltr'>in</span> <span class='ocrx_word' id='word_1_1096' title='bbox 2227 1671 2288 1698; x_wconf 88' lang='lat' dir='ltr'>Sab-</span> 
     </span>
     <span class='ocr_line' id='line_1_178' title="bbox 1648 1714 2290 1747; baseline 0.005 -7"><span class='ocrx_word' id='word_1_1097' title='bbox 1648 1714 1708 1740; x_wconf 88' lang='lat' dir='ltr'>bato</span> <span class='ocrx_word' id='word_1_1098' title='bbox 1727 1715 1933 1740; x_wconf 87' lang='lat' dir='ltr'>excaecabantur</span> <span class='ocrx_word' id='word_1_1099' title='bbox 1953 1715 1985 1740; x_wconf 89' lang='lat' dir='ltr'>ad</span> <span class='ocrx_word' id='word_1_1100' title='bbox 2005 1717 2200 1747; x_wconf 89' lang='lat' dir='ltr'>procurandam</span> <span class='ocrx_word' id='word_1_1101' title='bbox 2218 1716 2290 1743; x_wconf 89' lang='lat' dir='ltr'>Chri-</span> 
     </span>
     <span class='ocr_line' id='line_1_179' title="bbox 1647 1759 2289 1790; baseline 0.005 -6"><span class='ocrx_word' id='word_1_1102' title='bbox 1647 1759 1679 1784; x_wconf 92' lang='lat' dir='ltr'>sti</span> <span class='ocrx_word' id='word_1_1103' title='bbox 1708 1762 1835 1790; x_wconf 87' lang='lat' dir='ltr'>mortem,</span> <span class='ocrx_word' id='word_1_1104' title='bbox 1856 1759 1917 1784; x_wconf 87' lang='lat' dir='ltr'>boni</span> <span class='ocrx_word' id='word_1_1105' title='bbox 1938 1766 2002 1784; x_wconf 79' lang='lat' dir='ltr'>vero</span> <span class='ocrx_word' id='word_1_1106' title='bbox 2022 1759 2236 1786; x_wconf 88' lang='lat' dir='ltr'>illuminabantur</span> <span class='ocrx_word' id='word_1_1107' title='bbox 2255 1761 2289 1787; x_wconf 90' lang='lat' dir='ltr'>ad</span> 
     </span>
     <span class='ocr_line' id='line_1_180' title="bbox 1646 1803 2061 1829; baseline 0.002 -1"><span class='ocrx_word' id='word_1_1108' title='bbox 1646 1803 1809 1829; x_wconf 87' lang='lat' dir='ltr'>credendum</span> <span class='ocrx_word' id='word_1_1109' title='bbox 1829 1803 1854 1828; x_wconf 92' lang='lat' dir='ltr'>in</span> <span class='ocrx_word' id='word_1_1110' title='bbox 1874 1810 1935 1829; x_wconf 93' lang='lat' dir='ltr'>eum</span> <span class='ocrx_word' id='word_1_1111' title='bbox 1956 1804 2007 1829; x_wconf 88' lang='grc'>308</span> <span class='ocrx_word' id='word_1_1112' title='bbox 2028 1804 2061 1829; x_wconf 89' lang='lat'>33</span> 
     </span>
    </p>

    <p class='ocr_par' dir='ltr' id='par_1_26' title="bbox 1646 1849 2292 2499">
     <span class='ocr_line' id='line_1_181' title="bbox 1699 1849 2290 1881; baseline 0 -8"><span class='ocrx_word' id='word_1_1113' title='bbox 1699 1863 1735 1867; x_wconf 95' lang='lat'>—</span> <span class='ocrx_word' id='word_1_1114' title='bbox 1755 1849 1827 1873; x_wconf 91' lang='lat' dir='ltr'>multi</span> <span class='ocrx_word' id='word_1_1115' title='bbox 1847 1851 1986 1881; x_wconf 88' lang='lat' dir='ltr'>venerant,</span> <span class='ocrx_word' id='word_1_1116' title='bbox 2006 1851 2034 1874; x_wconf 91' lang='lat' dir='ltr'>ut</span> <span class='ocrx_word' id='word_1_1117' title='bbox 2053 1851 2140 1874; x_wconf 87' lang='lat' dir='ltr'>essent</span> <span class='ocrx_word' id='word_1_1118' title='bbox 2153 1852 2231 1875; x_wconf 89' lang='lat' dir='ltr'>testes</span> <span class='ocrx_word' id='word_1_1119' title='bbox 2245 1849 2290 1874; x_wconf 93' lang='lat' dir='ltr'>mi-</span> 
     </span>
     <span class='ocr_line' id='line_1_182' title="bbox 1646 1893 2290 1920; baseline 0.003 -2"><span class='ocrx_word' id='word_1_1120' title='bbox 1646 1893 1727 1918; x_wconf 89' lang='lat' dir='ltr'>raculi</span> <span class='ocrx_word' id='word_1_1121' title='bbox 1746 1893 1951 1919; x_wconf 86' lang='lat' dir='ltr'>resuscitationis</span> <span class='ocrx_word' id='word_1_1122' title='bbox 1969 1894 2059 1919; x_wconf 87' lang='lat' dir='ltr'>Lazari</span> <span class='ocrx_word' id='word_1_1123' title='bbox 2080 1894 2111 1919; x_wconf 92' lang='lat' dir='ltr'>Vl</span> <span class='ocrx_word' id='word_1_1124' title='bbox 2131 1894 2182 1919; x_wconf 87' lang='grc'>399</span> <span class='ocrx_word' id='word_1_1125' title='bbox 2203 1895 2235 1920; x_wconf 91' lang='grc'>28</span> <span class='ocrx_word' id='word_1_1126' title='bbox 2253 1909 2290 1913; x_wconf 94' lang='grc'><strong>-</strong></span> 
     </span>
     <span class='ocr_line' id='line_1_183' title="bbox 1646 1937 2290 1970; baseline 0.002 -7"><span class='ocrx_word' id='word_1_1127' title='bbox 1646 1937 1831 1970; x_wconf 87' lang='lat' dir='ltr'>Conspirautes</span> <span class='ocrx_word' id='word_1_1128' title='bbox 1859 1941 1950 1963; x_wconf 88' lang='lat' dir='ltr'>contra</span> <span class='ocrx_word' id='word_1_1129' title='bbox 1975 1938 2123 1969; x_wconf 89' lang='lat' dir='ltr'>Christum,</span> <span class='ocrx_word' id='word_1_1130' title='bbox 2147 1939 2225 1964; x_wconf 86' lang='lat' dir='ltr'>etiam</span> <span class='ocrx_word' id='word_1_1131' title='bbox 2245 1939 2290 1964; x_wconf 92' lang='lat' dir='ltr'>La-</span> 
     </span>
     <span class='ocr_line' id='line_1_184' title="bbox 1647 1982 2289 2008; baseline 0 0"><span class='ocrx_word' id='word_1_1132' title='bbox 1647 1990 1737 2008; x_wconf 88' lang='lat' dir='ltr'>zarum</span> <span class='ocrx_word' id='word_1_1133' title='bbox 1757 1983 1911 2008; x_wconf 89' lang='lat' dir='ltr'>suscitatum</span> <span class='ocrx_word' id='word_1_1134' title='bbox 1939 1982 2062 2008; x_wconf 85' lang='lat' dir='ltr'>occidere</span> <span class='ocrx_word' id='word_1_1135' title='bbox 2090 1982 2216 2008; x_wconf 90' lang='lat' dir='ltr'>volebant</span> <span class='ocrx_word' id='word_1_1136' title='bbox 2238 1983 2289 2008; x_wconf 86' lang='grc'>413</span> 
     </span>
     <span class='ocr_line' id='line_1_185' title="bbox 1648 2027 2291 2059; baseline 0 -7"><span class='ocrx_word' id='word_1_1137' title='bbox 1648 2028 1691 2059; x_wconf 91' lang='grc'>14,</span> <span class='ocrx_word' id='word_1_1138' title='bbox 1711 2027 1753 2058; x_wconf 86' lang='grc'>15,</span> <span class='ocrx_word' id='word_1_1139' title='bbox 1775 2028 1806 2052; x_wconf 89' lang='grc'>16</span> <span class='ocrx_word' id='word_1_1140' title='bbox 1826 2041 1862 2046; x_wconf 95' lang='grc'><strong>-</strong></span> <span class='ocrx_word' id='word_1_1141' title='bbox 1880 2027 2024 2052; x_wconf 88' lang='lat' dir='ltr'>Occasione</span> <span class='ocrx_word' id='word_1_1142' title='bbox 2051 2027 2227 2053; x_wconf 86' lang='lat' dir='ltr'>suscitationis</span> <span class='ocrx_word' id='word_1_1143' title='bbox 2246 2028 2291 2053; x_wconf 91' lang='lat' dir='ltr'>La-</span> 
     </span>
     <span class='ocr_line' id='line_1_186' title="bbox 1647 2071 2289 2098; baseline -0.002 0"><span class='ocrx_word' id='word_1_1144' title='bbox 1647 2073 1699 2098; x_wconf 86' lang='lat' dir='ltr'>zari</span> <span class='ocrx_word' id='word_1_1145' title='bbox 1720 2072 1793 2097; x_wconf 88' lang='lat' dir='ltr'>multi</span> <span class='ocrx_word' id='word_1_1146' title='bbox 1813 2072 1900 2097; x_wconf 89' lang='lat' dir='ltr'>ludaei</span> <span class='ocrx_word' id='word_1_1147' title='bbox 1920 2071 2058 2097; x_wconf 89' lang='lat' dir='ltr'>credentes</span> <span class='ocrx_word' id='word_1_1148' title='bbox 2083 2071 2141 2097; x_wconf 87' lang='lat' dir='ltr'>facti</span> <span class='ocrx_word' id='word_1_1149' title='bbox 2170 2075 2231 2097; x_wconf 88' lang='lat' dir='ltr'>sunt</span> <span class='ocrx_word' id='word_1_1150' title='bbox 2256 2071 2289 2098; x_wconf 84' lang='lat' dir='ltr'>ib.</span> 
     </span>
     <span class='ocr_line' id='line_1_187' title="bbox 1648 2115 2291 2149; baseline 0 -7"><span class='ocrx_word' id='word_1_1151' title='bbox 1648 2117 1690 2149; x_wconf 82' lang='grc'>14,</span> <span class='ocrx_word' id='word_1_1152' title='bbox 1712 2117 1744 2142; x_wconf 89' lang='grc'>16</span> <span class='ocrx_word' id='word_1_1153' title='bbox 1765 2130 1799 2135; x_wconf 94' lang='grc'>--</span> <span class='ocrx_word' id='word_1_1154' title='bbox 1818 2116 1887 2141; x_wconf 89' lang='lat' dir='ltr'>Multi</span> <span class='ocrx_word' id='word_1_1155' title='bbox 1908 2115 2010 2146; x_wconf 90' lang='lat' dir='ltr'>ludaei,</span> <span class='ocrx_word' id='word_1_1156' title='bbox 2030 2116 2088 2142; x_wconf 89' lang='lat' dir='ltr'>viso</span> <span class='ocrx_word' id='word_1_1157' title='bbox 2107 2116 2234 2142; x_wconf 90' lang='lat' dir='ltr'>miraculo</span> <span class='ocrx_word' id='word_1_1158' title='bbox 2253 2123 2291 2142; x_wconf 91' lang='lat' dir='ltr'>re-</span> 
     </span>
     <span class='ocr_line' id='line_1_188' title="bbox 1648 2160 2291 2191; baseline -0.003 -3"><span class='ocrx_word' id='word_1_1159' title='bbox 1648 2160 1824 2188; x_wconf 82' lang='lat' dir='ltr'>suscitationis</span> <span class='ocrx_word' id='word_1_1160' title='bbox 1843 2160 1940 2191; x_wconf 87' lang='lat' dir='ltr'>Lazari,</span> <span class='ocrx_word' id='word_1_1161' title='bbox 1969 2161 2138 2187; x_wconf 90' lang='lat' dir='ltr'>crediderunt</span> <span class='ocrx_word' id='word_1_1162' title='bbox 2166 2161 2193 2187; x_wconf 90' lang='lat' dir='ltr'>in</span> <span class='ocrx_word' id='word_1_1163' title='bbox 2221 2161 2291 2187; x_wconf 91' lang='lat' dir='ltr'>Chri-</span> 
     </span>
     <span class='ocr_line' id='line_1_189' title="bbox 1648 2205 2292 2232; baseline 0 0"><span class='ocrx_word' id='word_1_1164' title='bbox 1648 2209 1718 2232; x_wconf 86' lang='lat' dir='ltr'>stum</span> <span class='ocrx_word' id='word_1_1165' title='bbox 1748 2205 1798 2231; x_wconf 89' lang='lat'>406</span> <span class='ocrx_word' id='word_1_1166' title='bbox 1819 2205 1847 2230; x_wconf 85' lang='lat'>64</span> <span class='ocrx_word' id='word_1_1167' title='bbox 1872 2219 1906 2222; x_wconf 85' lang='lat'>——</span> <span class='ocrx_word' id='word_1_1168' title='bbox 1926 2205 2049 2231; x_wconf 87' lang='lat' dir='ltr'>Miraculo</span> <span class='ocrx_word' id='word_1_1169' title='bbox 2075 2205 2168 2232; x_wconf 90' lang='lat' dir='ltr'>Christi</span> <span class='ocrx_word' id='word_1_1170' title='bbox 2191 2206 2235 2231; x_wconf 91' lang='lat' dir='ltr'>alii</span> <span class='ocrx_word' id='word_1_1171' title='bbox 2255 2206 2292 2232; x_wconf 91' lang='lat' dir='ltr'>lu-</span> 
     </span>
     <span class='ocr_line' id='line_1_190' title="bbox 1648 2250 2292 2282; baseline 0 -5"><span class='ocrx_word' id='word_1_1172' title='bbox 1648 2251 1776 2277; x_wconf 89' lang='lat' dir='ltr'>daeorum</span> <span class='ocrx_word' id='word_1_1173' title='bbox 1805 2251 1992 2282; x_wconf 81' lang='lat' dir='ltr'>profecerunt,</span> <span class='ocrx_word' id='word_1_1174' title='bbox 2021 2250 2063 2275; x_wconf 89' lang='lat' dir='ltr'>alii</span> <span class='ocrx_word' id='word_1_1175' title='bbox 2083 2250 2237 2276; x_wconf 87' lang='lat' dir='ltr'>defecerunt</span> <span class='ocrx_word' id='word_1_1176' title='bbox 2257 2250 2292 2277; x_wconf 85' lang='lat' dir='ltr'>ib.</span> 
     </span>
     <span class='ocr_line' id='line_1_191' title="bbox 1648 2293 2292 2326; baseline 0.003 -8"><span class='ocrx_word' id='word_1_1177' title='bbox 1648 2296 1682 2320; x_wconf 89' lang='grc'>62</span> <span class='ocrx_word' id='word_1_1178' title='bbox 1702 2309 1736 2313; x_wconf 92' lang='lat'>——</span> <span class='ocrx_word' id='word_1_1179' title='bbox 1757 2293 1912 2321; x_wconf 89' lang='lat' dir='ltr'>ludaeorum</span> <span class='ocrx_word' id='word_1_1180' title='bbox 1933 2295 2091 2326; x_wconf 82' lang='lat' dir='ltr'>conspiratio</span> <span class='ocrx_word' id='word_1_1181' title='bbox 2112 2296 2176 2320; x_wconf 88' lang='lat' dir='ltr'>facta</span> <span class='ocrx_word' id='word_1_1182' title='bbox 2191 2295 2237 2320; x_wconf 89' lang='lat' dir='ltr'>suit</span> <span class='ocrx_word' id='word_1_1183' title='bbox 2250 2302 2292 2320; x_wconf 89' lang='lat' dir='ltr'>oc-</span> 
     </span>
     <span class='ocr_line' id='line_1_192' title="bbox 1649 2338 2291 2365; baseline 0 0"><span class='ocrx_word' id='word_1_1184' title='bbox 1649 2340 1753 2365; x_wconf 87' lang='lat' dir='ltr'>casione</span> <span class='ocrx_word' id='word_1_1185' title='bbox 1783 2338 1998 2364; x_wconf 88' lang='lat' dir='ltr'>manifestationis</span> <span class='ocrx_word' id='word_1_1186' title='bbox 2017 2339 2110 2365; x_wconf 87' lang='lat' dir='ltr'>Christi</span> <span class='ocrx_word' id='word_1_1187' title='bbox 2131 2339 2182 2365; x_wconf 88' lang='grc'>407</span> <span class='ocrx_word' id='word_1_1188' title='bbox 2203 2340 2237 2365; x_wconf 88' lang='grc'>65</span> <span class='ocrx_word' id='word_1_1189' title='bbox 2256 2354 2291 2358; x_wconf 85' lang='lat'>——</span> 
     </span>
     <span class='ocr_line' id='line_1_193' title="bbox 1649 2383 2292 2410; baseline 0.002 -1"><span class='ocrx_word' id='word_1_1190' title='bbox 1649 2391 1700 2409; x_wconf 93' lang='grc'>1100</span> <span class='ocrx_word' id='word_1_1191' title='bbox 1720 2383 1805 2409; x_wconf 89' lang='lat' dir='ltr'>solum</span> <span class='ocrx_word' id='word_1_1192' title='bbox 1831 2389 1881 2408; x_wconf 92' lang='lat' dir='ltr'>non</span> <span class='ocrx_word' id='word_1_1193' title='bbox 1902 2383 2071 2409; x_wconf 88' lang='lat' dir='ltr'>crediderunt</span> <span class='ocrx_word' id='word_1_1194' title='bbox 2097 2385 2193 2409; x_wconf 88' lang='lat' dir='ltr'>Lazaro</span> <span class='ocrx_word' id='word_1_1195' title='bbox 2222 2391 2292 2410; x_wconf 86' lang='lat' dir='ltr'>resu-</span> 
     </span>
     <span class='ocr_line' id='line_1_194' title="bbox 1649 2427 2292 2459; baseline -0.002 -5"><span class='ocrx_word' id='word_1_1196' title='bbox 1649 2428 1749 2459; x_wconf 84' lang='lat' dir='ltr'>scitato,</span> <span class='ocrx_word' id='word_1_1197' title='bbox 1767 2427 1850 2452; x_wconf 88' lang='lat' dir='ltr'>immo</span> <span class='ocrx_word' id='word_1_1198' title='bbox 1870 2427 2052 2458; x_wconf 82' lang='lat' dir='ltr'>cogitaverunt</span> <span class='ocrx_word' id='word_1_1199' title='bbox 2071 2435 2131 2454; x_wconf 91' lang='lat' dir='ltr'>eum</span> <span class='ocrx_word' id='word_1_1200' title='bbox 2146 2428 2292 2453; x_wconf 81' lang='lat' dir='ltr'>interficere</span> 
     </span>
     <span class='ocr_line' id='line_1_195' title="bbox 1650 2472 1814 2499; baseline -0.012 -1"><span class='ocrx_word' id='word_1_1201' title='bbox 1650 2474 1692 2499; x_wconf 89' lang='lat' dir='ltr'>Vll</span> <span class='ocrx_word' id='word_1_1202' title='bbox 1715 2472 1766 2497; x_wconf 90' lang='grc'>425</span> <span class='ocrx_word' id='word_1_1203' title='bbox 1787 2472 1814 2496; x_wconf 88' lang='grc'>61</span> 
     </span>
    </p>

    <p class='ocr_par' dir='ltr' id='par_1_27' title="bbox 1650 2516 2292 2682">
     <span class='ocr_line' id='line_1_196' title="bbox 1703 2516 2292 2548; baseline 0.002 -7"><span class='ocrx_word' id='word_1_1204' title='bbox 1703 2531 1738 2535; x_wconf 85' lang='grc'>-</span> <span class='ocrx_word' id='word_1_1205' title='bbox 1758 2516 1864 2542; x_wconf 89' lang='lat' dir='ltr'>Turbae</span> <span class='ocrx_word' id='word_1_1206' title='bbox 1878 2518 2074 2542; x_wconf 88' lang='lat' dir='ltr'>honoraverunt</span> <span class='ocrx_word' id='word_1_1207' title='bbox 2085 2516 2218 2543; x_wconf 90' lang='lat' dir='ltr'>Christum</span> <span class='ocrx_word' id='word_1_1208' title='bbox 2232 2524 2292 2548; x_wconf 88' lang='lat' dir='ltr'>pro-</span> 
     </span>
     <span class='ocr_line' id='line_1_197' title="bbox 1651 2560 2291 2593; baseline -0.002 -7"><span class='ocrx_word' id='word_1_1209' title='bbox 1651 2564 1708 2593; x_wconf 85' lang='lat' dir='ltr'>pter</span> <span class='ocrx_word' id='word_1_1210' title='bbox 1727 2560 1845 2585; x_wconf 88' lang='lat' dir='ltr'>miraculi</span> <span class='ocrx_word' id='word_1_1211' title='bbox 1865 2560 2075 2592; x_wconf 85' lang='lat' dir='ltr'>magnitudinem</span> <span class='ocrx_word' id='word_1_1212' title='bbox 2097 2561 2127 2586; x_wconf 91' lang='lat' dir='ltr'>Vl</span> <span class='ocrx_word' id='word_1_1213' title='bbox 2143 2561 2195 2586; x_wconf 90' lang='grc'>322</span> <span class='ocrx_word' id='word_1_1214' title='bbox 2209 2560 2242 2585; x_wconf 89' lang='grc'>24</span> <span class='ocrx_word' id='word_1_1215' title='bbox 2256 2575 2291 2578; x_wconf 91' lang='grc'><strong>-</strong></span> 
     </span>
     <span class='ocr_line' id='line_1_198' title="bbox 1650 2603 2292 2637; baseline -0.002 -6"><span class='ocrx_word' id='word_1_1216' title='bbox 1650 2604 1774 2631; x_wconf 88' lang='lat' dir='ltr'>volebant</span> <span class='ocrx_word' id='word_1_1217' title='bbox 1792 2603 1923 2630; x_wconf 88' lang='lat' dir='ltr'>Christum</span> <span class='ocrx_word' id='word_1_1218' title='bbox 1943 2611 2034 2637; x_wconf 83' lang='lat' dir='ltr'>regem</span> <span class='ocrx_word' id='word_1_1219' title='bbox 2055 2606 2139 2630; x_wconf 86' lang='lat' dir='ltr'>facere</span> <span class='ocrx_word' id='word_1_1220' title='bbox 2156 2608 2292 2630; x_wconf 83' lang='grc'>30101010-</span> 
     </span>
     <span class='ocr_line' id='line_1_199' title="bbox 1652 2647 1808 2682; baseline -0.013 -7"><span class='ocrx_word' id='word_1_1221' title='bbox 1652 2656 1702 2682; x_wconf 93' lang='lat' dir='ltr'>pus</span> <span class='ocrx_word' id='word_1_1222' title='bbox 1720 2647 1755 2674; x_wconf 83' lang='lat' dir='ltr'>ib.</span> <span class='ocrx_word' id='word_1_1223' title='bbox 1774 2648 1808 2673; x_wconf 82' lang='lat'>25</span> 
     </span>
    </p>

    <p class='ocr_par' dir='ltr' id='par_1_28' title="bbox 1652 2693 2294 3030">
     <span class='ocr_line' id='line_1_200' title="bbox 1704 2693 2292 2724; baseline 0.002 -7"><span class='ocrx_word' id='word_1_1224' title='bbox 1704 2707 1738 2711; x_wconf 91' lang='lat'>-</span> <span class='ocrx_word' id='word_1_1225' title='bbox 1767 2699 1867 2718; x_wconf 88' lang='lat' dir='ltr'>morem</span> <span class='ocrx_word' id='word_1_1226' title='bbox 1897 2693 2017 2724; x_wconf 89' lang='lat' dir='ltr'>portandi</span> <span class='ocrx_word' id='word_1_1227' title='bbox 2037 2700 2126 2719; x_wconf 89' lang='lat' dir='ltr'>ramos</span> <span class='ocrx_word' id='word_1_1228' title='bbox 2145 2693 2292 2724; x_wconf 90' lang='lat' dir='ltr'>palmarum</span> 
     </span>
     <span class='ocr_line' id='line_1_201' title="bbox 1652 2737 2293 2769; baseline -0.002 -6"><span class='ocrx_word' id='word_1_1229' title='bbox 1652 2739 1677 2763; x_wconf 94' lang='lat' dir='ltr'>in</span> <span class='ocrx_word' id='word_1_1230' title='bbox 1697 2737 1802 2768; x_wconf 79' lang='lat' dir='ltr'>signum</span> <span class='ocrx_word' id='word_1_1231' title='bbox 1823 2737 1934 2763; x_wconf 88' lang='lat' dir='ltr'>laetitiae</span> <span class='ocrx_word' id='word_1_1232' title='bbox 1959 2737 2092 2763; x_wconf 86' lang='lat' dir='ltr'>habebant</span> <span class='ocrx_word' id='word_1_1233' title='bbox 2116 2745 2146 2763; x_wconf 84' lang='lat' dir='ltr'>ex</span> <span class='ocrx_word' id='word_1_1234' title='bbox 2171 2738 2240 2769; x_wconf 87' lang='lat' dir='ltr'>Lege</span> <span class='ocrx_word' id='word_1_1235' title='bbox 2260 2737 2293 2762; x_wconf 89' lang='lat' dir='ltr'>Vl</span> 
     </span>
     <span class='ocr_line' id='line_1_202' title="bbox 1653 2781 2292 2808; baseline -0.002 0"><span class='ocrx_word' id='word_1_1236' title='bbox 1653 2781 1703 2808; x_wconf 84' lang='lat'>444</span> <span class='ocrx_word' id='word_1_1237' title='bbox 1725 2782 1756 2806; x_wconf 89' lang='grc'>18</span> <span class='ocrx_word' id='word_1_1238' title='bbox 1770 2795 1804 2799; x_wconf 92' lang='lat'>--</span> <span class='ocrx_word' id='word_1_1239' title='bbox 1819 2781 1891 2806; x_wconf 89' lang='lat' dir='ltr'>multi</span> <span class='ocrx_word' id='word_1_1240' title='bbox 1911 2785 2082 2807; x_wconf 86' lang='lat' dir='ltr'>occurrerunt</span> <span class='ocrx_word' id='word_1_1241' title='bbox 2102 2781 2212 2807; x_wconf 90' lang='lat' dir='ltr'>Domino</span> <span class='ocrx_word' id='word_1_1242' title='bbox 2232 2788 2292 2807; x_wconf 89' lang='lat' dir='ltr'>cum</span> 
     </span>
     <span class='ocr_line' id='line_1_203' title="bbox 1652 2817 2293 2852; baseline -0.002 0"><span class='ocrx_word' id='word_1_1243' title='bbox 1652 2826 1744 2852; x_wconf 86' lang='lat' dir='ltr'>laetitia</span> <span class='ocrx_word' id='word_1_1244' title='bbox 1760 2824 1794 2851; x_wconf 82' lang='lat' dir='ltr'>z&#39;b.</span> <span class='ocrx_word' id='word_1_1245' title='bbox 1811 2825 1844 2850; x_wconf 92' lang='lat'>47</span> <span class='ocrx_word' id='word_1_1246' title='bbox 1863 2839 1898 2844; x_wconf 90' lang='lat'>—-</span> <span class='ocrx_word' id='word_1_1247' title='bbox 1917 2817 2062 2852; x_wconf 86' lang='lat' dir='ltr'>Obstinatio</span> <span class='ocrx_word' id='word_1_1248' title='bbox 2077 2826 2233 2852; x_wconf 89' lang='lat' dir='ltr'>ludaeorum</span> <span class='ocrx_word' id='word_1_1249' title='bbox 2250 2832 2293 2851; x_wconf 88' lang='lat' dir='ltr'>oc-</span> 
     </span>
     <span class='ocr_line' id='line_1_204' title="bbox 1652 2869 2294 2896; baseline -0.002 0"><span class='ocrx_word' id='word_1_1250' title='bbox 1652 2871 1784 2896; x_wconf 85' lang='lat' dir='ltr'>casionem</span> <span class='ocrx_word' id='word_1_1251' title='bbox 1804 2869 1894 2895; x_wconf 88' lang='lat' dir='ltr'>habuit</span> <span class='ocrx_word' id='word_1_1252' title='bbox 1912 2877 1943 2895; x_wconf 87' lang='lat' dir='ltr'>ex</span> <span class='ocrx_word' id='word_1_1253' title='bbox 1963 2872 2063 2896; x_wconf 90' lang='lat' dir='ltr'>honore</span> <span class='ocrx_word' id='word_1_1254' title='bbox 2090 2871 2202 2896; x_wconf 80' lang='lat' dir='ltr'>Domino</span> <span class='ocrx_word' id='word_1_1255' title='bbox 2224 2870 2294 2896; x_wconf 84' lang='lat' dir='ltr'>exhi-</span> 
     </span>
     <span class='ocr_line' id='line_1_205' title="bbox 1654 2913 2294 2947; baseline 0 -7"><span class='ocrx_word' id='word_1_1256' title='bbox 1654 2915 1707 2941; x_wconf 91' lang='lat' dir='ltr'>bito</span> <span class='ocrx_word' id='word_1_1257' title='bbox 1739 2913 1801 2940; x_wconf 81' lang='lat' dir='ltr'>ibid.</span> <span class='ocrx_word' id='word_1_1258' title='bbox 1828 2927 1863 2933; x_wconf 89' lang='lat'>—</span> <span class='ocrx_word' id='word_1_1259' title='bbox 1891 2918 1999 2947; x_wconf 87' lang='lat' dir='ltr'>propter</span> <span class='ocrx_word' id='word_1_1260' title='bbox 2030 2916 2155 2940; x_wconf 90' lang='lat' dir='ltr'>honorem</span> <span class='ocrx_word' id='word_1_1261' title='bbox 2183 2914 2294 2940; x_wconf 89' lang='lat' dir='ltr'>Domino</span> 
     </span>
     <span class='ocr_line' id='line_1_206' title="bbox 1653 2957 2293 2990; baseline -0.002 -6"><span class='ocrx_word' id='word_1_1262' title='bbox 1653 2959 1797 2986; x_wconf 86' lang='lat' dir='ltr'>exhibitum</span> <span class='ocrx_word' id='word_1_1263' title='bbox 1818 2958 1842 2983; x_wconf 92' lang='lat' dir='ltr'>iu</span> <span class='ocrx_word' id='word_1_1264' title='bbox 1862 2958 1955 2984; x_wconf 87' lang='lat' dir='ltr'>miram</span> <span class='ocrx_word' id='word_1_1265' title='bbox 1975 2959 2102 2984; x_wconf 88' lang='lat' dir='ltr'>iuvidiam</span> <span class='ocrx_word' id='word_1_1266' title='bbox 2123 2957 2293 2990; x_wconf 82' lang='lat' dir='ltr'>prosiliebant</span> 
     </span>
     <span class='ocr_line' id='line_1_207' title="bbox 1654 3003 1715 3030; baseline -0.033 0"><span class='ocrx_word' id='word_1_1267' title='bbox 1654 3003 1715 3030; x_wconf 83' lang='lat' dir='ltr'>ibid.</span> 
     </span>
    </p>

    <p class='ocr_par' dir='ltr' id='par_1_29' title="bbox 1654 3045 2295 3432">
     <span class='ocr_line' id='line_1_208' title="bbox 1707 3045 2294 3078; baseline -0.002 -6"><span class='ocrx_word' id='word_1_1268' title='bbox 1707 3061 1742 3067; x_wconf 93' lang='lat'><em>-</em></span> <span class='ocrx_word' id='word_1_1269' title='bbox 1762 3047 1842 3072; x_wconf 89' lang='lat' dir='ltr'>Datur</span> <span class='ocrx_word' id='word_1_1270' title='bbox 1861 3047 1985 3073; x_wconf 85' lang='lat' dir='ltr'>sententia</span> <span class='ocrx_word' id='word_1_1271' title='bbox 2006 3047 2040 3073; x_wconf 87' lang='lat' dir='ltr'>de</span> <span class='ocrx_word' id='word_1_1272' title='bbox 2058 3054 2150 3072; x_wconf 90' lang='lat' dir='ltr'>eorum</span> <span class='ocrx_word' id='word_1_1273' title='bbox 2170 3045 2294 3078; x_wconf 90' lang='lat' dir='ltr'>reproba-</span> 
     </span>
     <span class='ocr_line' id='line_1_209' title="bbox 1654 3091 2292 3123; baseline -0.005 -4"><span class='ocrx_word' id='word_1_1274' title='bbox 1654 3093 1723 3119; x_wconf 89' lang='lat' dir='ltr'>tione</span> <span class='ocrx_word' id='word_1_1275' title='bbox 1741 3091 1792 3118; x_wconf 90' lang='lat' dir='ltr'>sub</span> <span class='ocrx_word' id='word_1_1276' title='bbox 1819 3092 1903 3123; x_wconf 78' lang='lat' dir='ltr'>ssgnra</span> <span class='ocrx_word' id='word_1_1277' title='bbox 1932 3092 2025 3117; x_wconf 88' lang='lat' dir='ltr'>vineae</span> <span class='ocrx_word' id='word_1_1278' title='bbox 2044 3095 2070 3116; x_wconf 92' lang='lat' dir='ltr'>et</span> <span class='ocrx_word' id='word_1_1279' title='bbox 2089 3091 2229 3116; x_wconf 92' lang='lat' dir='ltr'>vinitorum</span> <span class='ocrx_word' id='word_1_1280' title='bbox 2250 3091 2292 3116; x_wconf 80' lang='lat' dir='ltr'>Vll</span> 
     </span>
     <span class='ocr_line' id='line_1_210' title="bbox 1655 3135 2292 3162; baseline -0.003 0"><span class='ocrx_word' id='word_1_1281' title='bbox 1655 3137 1706 3162; x_wconf 92' lang='grc'>507</span> <span class='ocrx_word' id='word_1_1282' title='bbox 1734 3136 1763 3161; x_wconf 90' lang='grc'>21</span> <span class='ocrx_word' id='word_1_1283' title='bbox 1797 3151 1831 3154; x_wconf 91' lang='grc'>-</span> <span class='ocrx_word' id='word_1_1284' title='bbox 1851 3143 1942 3161; x_wconf 90' lang='lat' dir='ltr'>corum</span> <span class='ocrx_word' id='word_1_1285' title='bbox 1970 3135 2130 3162; x_wconf 89' lang='lat' dir='ltr'>conscicntia</span> <span class='ocrx_word' id='word_1_1286' title='bbox 2153 3138 2208 3160; x_wconf 91' lang='lat' dir='ltr'>erat</span> <span class='ocrx_word' id='word_1_1287' title='bbox 2233 3141 2292 3160; x_wconf 89' lang='lat' dir='ltr'>con-</span> 
     </span>
     <span class='ocr_line' id='line_1_211' title="bbox 1655 3179 2294 3211; baseline -0.006 -3"><span class='ocrx_word' id='word_1_1288' title='bbox 1655 3188 1718 3208; x_wconf 85' lang='lat' dir='ltr'>sona</span> <span class='ocrx_word' id='word_1_1289' title='bbox 1746 3180 1851 3206; x_wconf 87' lang='lat' dir='ltr'>divinae</span> <span class='ocrx_word' id='word_1_1290' title='bbox 1870 3180 2025 3211; x_wconf 83' lang='lat' dir='ltr'>sententiae,</span> <span class='ocrx_word' id='word_1_1291' title='bbox 2043 3180 2090 3205; x_wconf 87' lang='lat' dir='ltr'>sed</span> <span class='ocrx_word' id='word_1_1292' title='bbox 2117 3179 2208 3211; x_wconf 80' lang='lat' dir='ltr'>lingua</span> <span class='ocrx_word' id='word_1_1293' title='bbox 2234 3186 2294 3204; x_wconf 92' lang='lat' dir='ltr'>con-</span> 
     </span>
     <span class='ocr_line' id='line_1_212' title="bbox 1656 3223 2294 3254; baseline -0.006 -2"><span class='ocrx_word' id='word_1_1294' title='bbox 1656 3226 1733 3252; x_wconf 86' lang='lat' dir='ltr'>traria</span> <span class='ocrx_word' id='word_1_1295' title='bbox 1754 3226 1804 3251; x_wconf 87' lang='grc'>508</span> <span class='ocrx_word' id='word_1_1296' title='bbox 1825 3226 1857 3250; x_wconf 89' lang='grc'>22</span> <span class='ocrx_word' id='word_1_1297' title='bbox 1876 3239 1911 3243; x_wconf 85' lang='lat'>--</span> <span class='ocrx_word' id='word_1_1298' title='bbox 1931 3224 2112 3250; x_wconf 82' lang='lat' dir='ltr'>contradicunt</span> <span class='ocrx_word' id='word_1_1299' title='bbox 2137 3223 2294 3254; x_wconf 88' lang='lat' dir='ltr'>sententiae,</span> 
     </span>
     <span class='ocr_line' id='line_1_213' title="bbox 1655 3268 2295 3303; baseline -0.005 -8"><span class='ocrx_word' id='word_1_1300' title='bbox 1655 3277 1735 3303; x_wconf 87' lang='lat' dir='ltr'>quam</span> <span class='ocrx_word' id='word_1_1301' title='bbox 1755 3272 1844 3295; x_wconf 87' lang='lat' dir='ltr'>contra</span> <span class='ocrx_word' id='word_1_1302' title='bbox 1864 3269 2003 3301; x_wconf 81' lang='lat' dir='ltr'>perfidiam</span> <span class='ocrx_word' id='word_1_1303' title='bbox 2016 3275 2091 3294; x_wconf 88' lang='lat' dir='ltr'>suam</span> <span class='ocrx_word' id='word_1_1304' title='bbox 2106 3268 2202 3294; x_wconf 85' lang='lat' dir='ltr'>dictam</span> <span class='ocrx_word' id='word_1_1305' title='bbox 2216 3274 2295 3298; x_wconf 84' lang='lat' dir='ltr'>agno-</span> 
     </span>
     <span class='ocr_line' id='line_1_214' title="bbox 1655 3311 2293 3346; baseline -0.006 -6"><span class='ocrx_word' id='word_1_1306' title='bbox 1655 3318 1731 3341; x_wconf 88' lang='lat' dir='ltr'>scunt</span> <span class='ocrx_word' id='word_1_1307' title='bbox 1750 3312 1811 3340; x_wconf 76' lang='lat' dir='ltr'>ibid.</span> <span class='ocrx_word' id='word_1_1308' title='bbox 1830 3328 1865 3331; x_wconf 97' lang='lat'><strong>—</strong></span> <span class='ocrx_word' id='word_1_1309' title='bbox 1883 3313 1955 3346; x_wconf 91' lang='lat' dir='ltr'>quod</span> <span class='ocrx_word' id='word_1_1310' title='bbox 1975 3313 2001 3338; x_wconf 89' lang='lat' dir='ltr'>in</span> <span class='ocrx_word' id='word_1_1311' title='bbox 2021 3315 2108 3338; x_wconf 89' lang='lat' dir='ltr'>mente</span> <span class='ocrx_word' id='word_1_1312' title='bbox 2128 3311 2255 3343; x_wconf 78' lang='lat' dir='ltr'>gerebant</span> <span class='ocrx_word' id='word_1_1313' title='bbox 2269 3311 2293 3336; x_wconf 92' lang='lat' dir='ltr'>in</span> 
     </span>
     <span class='ocr_line' id='line_1_215' title="bbox 1657 3355 2294 3391; baseline -0.006 -7"><span class='ocrx_word' id='word_1_1314' title='bbox 1657 3357 1780 3391; x_wconf 86' lang='lat' dir='ltr'>parabola</span> <span class='ocrx_word' id='word_1_1315' title='bbox 1808 3357 1935 3383; x_wconf 87' lang='lat' dir='ltr'>contineri</span> <span class='ocrx_word' id='word_1_1316' title='bbox 1964 3356 2143 3388; x_wconf 82' lang='lat' dir='ltr'>intelligebant</span> <span class='ocrx_word' id='word_1_1317' title='bbox 2170 3355 2232 3381; x_wconf 77' lang='lat' dir='ltr'>ibid.</span> <span class='ocrx_word' id='word_1_1318' title='bbox 2260 3368 2294 3374; x_wconf 89' lang='lat'>—</span> 
     </span>
     <span class='ocr_line' id='line_1_216' title="bbox 1656 3400 2295 3432; baseline -0.009 -3"><span class='ocrx_word' id='word_1_1319' title='bbox 1656 3402 1860 3429; x_wconf 83' lang='lat' dir='ltr'>contradicendo</span> <span class='ocrx_word' id='word_1_1320' title='bbox 1873 3400 1996 3427; x_wconf 88' lang='lat' dir='ltr'>volebant</span> <span class='ocrx_word' id='word_1_1321' title='bbox 2014 3401 2104 3432; x_wconf 83' lang='lat' dir='ltr'>latere,</span> <span class='ocrx_word' id='word_1_1322' title='bbox 2124 3403 2149 3425; x_wconf 92' lang='lat' dir='ltr'>et</span> <span class='ocrx_word' id='word_1_1323' title='bbox 2168 3403 2253 3425; x_wconf 88' lang='lat' dir='ltr'>tamen</span> <span class='ocrx_word' id='word_1_1324' title='bbox 2267 3406 2295 3423; x_wconf 85' lang='lat' dir='ltr'>se</span> 
     </span>
    </p>
   </div>
  </div>
 </body>
</html>
