2476 3921
759 224 954 258 COMMENT.
979 225 1016 257 lN
1042 223 1281 257 EVANGELIUM
1305 225 1423 258 LUCAE
1447 226 1479 258 C.
1504 226 1579 258 xxi.

173 315 284 355 mittit,
308 315 364 358 qui
386 314 426 348 de
449 323 508 347 sua
531 314 651 347 iustitia
674 322 881 356 praesumens
904 317 974 346 orat
991 313 1034 345 ita
1049 312 1134 354 apud

174 377 225 402 se:
248 368 350 407 Deus,
371 367 507 410 prunas
530 377 595 410 ayo
619 366 697 405 tibi,
722 366 805 410 quia
840 376 907 399 non
940 376 1017 399 sum
1049 366 1136 399 sicut

173 420 272 455 ceteri
306 419 478 453 hominum
500 433 532 459 n,
556 419 733 453 secundum
768 419 847 452 illud
882 428 981 461 supra
1015 418 1137 452 decimo

174 476 301 513 octavo,
326 473 380 506 ubi
404 473 510 515 agitur
533 473 572 506 de
597 473 782 512 pharisaeo,
806 472 860 515 qui
877 472 1021 514 designat
1037 481 1137 514 popu-

174 527 241 560 lum
268 526 468 559 Iudaeorum.
502 526 562 559 Sed
593 526 671 559 haec
704 526 799 559 vidua
830 525 923 559 oliert
954 529 1058 558 totum
1088 525 1137 558 vi-

173 580 264 613 ctum
298 589 425 618 suam,
461 579 558 621 quia,
593 582 630 612 ut
665 578 741 612 dicit
771 578 879 612 Glossa
901 580 924 618 ¹,
965 592 980 607 «
1002 578 1139 611 Ecclesia

173 641 298 666 omnem
323 632 441 665 victum
473 632 506 664 in
538 641 673 665 munera
703 631 758 665 Dei
783 632 896 671 mittit3
921 640 1002 674 quae
1026 640 1137 670 omne,

174 685 259 729 quod
284 686 378 725 vivit,
402 695 465 719 non
496 685 545 719 sui
577 685 697 724 meriti,
722 685 776 719 sed
799 685 896 718 divini
920 685 1063 718 muneris
1091 684 1138 717 in-

174 739 295 781 telligit,
312 739 433 772 dicens:
449 739 550 777 Deus,
565 735 735 781 propitius
748 742 813 771 esto
831 737 915 771 milii
928 737 1136 780 peccatori».

177 791 279 836 Offert
300 786 407 825 autem
431 792 498 825 duo
522 792 674 831 minuta,
700 792 730 824 id
755 795 802 825 est
824 791 923 833 fidem
954 794 985 824 et
1010 790 1137 824 carita-

0 825 1 895 i
174 850 255 885 tem,
280 846 329 879 vel
351 845 520 889 qemi-nam
541 845 660 887 sidem,
684 845 803 879 scilicet
832 844 872 878 de
904 844 1084 877 Divinitate
1107 848 1138 877 et

174 893 401 946 humanitate,
425 908 483 933 seu
503 899 673 942 yemtnam
696 899 889 938 caritatem,
926 898 1044 932 scilicet
1080 898 1140 931 Dei

174 956 205 986 et
224 952 392 995 proximi,
424 952 599 986 secundum
631 952 709 985 illud
741 952 943 985 Canticorum
978 952 1137 995 quart02:

179 1019 195 1035 a
208 1005 325 1039 Omnes
348 1005 489 1048 gemellis
505 1005 659 1044 foetibus,
677 1008 709 1038 et
724 1005 841 1038 sterilis
857 1014 919 1038 non
931 1007 984 1038 est
1001 1005 1032 1038 in
1049 1005 1094 1038 eis
1108 1019 1136 1037 υ.

174 1059 211 1093 Et
225 1059 312 1101 ,haec
335 1061 468 1092 minuta
491 1063 565 1092 sunt
589 1062 719 1101 propter
742 1058 971 1098 humilitatem,
996 1058 1050 1092 sed
1074 1059 1139 1092 Deo

174 1107 315 1146 maxime
349 1116 477 1155 accepta
512 1109 718 1152 sunt;'unde
742 1111 893 1145 Glossa⁸:
923 1125 938 1141 «
955 1112 1138 1145 Considera-

175 1166 259 1199 tione
282 1175 358 1199 suae
389 1165 566 1208 fragilitatis
597 1165 749 1204 minuta,
775 1165 828 1198 sed
861 1165 975 1198 merito
998 1165 1067 1208 piae
1091 1166 1138 1198 in-

173 1219 322 1254 tentionis
344 1219 444 1261 magis
468 1221 542 1252 sunt
565 1222 692 1261 accepta
709 1227 804 1261 quam
822 1222 936 1252 cuncta
952 1218 1138 1261 superbien-

175 1272 255 1305 tium
271 1271 458 1305 Iudaeorum
475 1280 612 1313 opera»,
629 1271 715 1314 quia,
732 1271 832 1305 Iacobi
849 1274 965 1314 quarto
977 1272 1001 1311 4,
1024 1285 1040 1300 «
1053 1272 1137 1304 Deus

175 1324 320 1367 superbis
342 1324 477 1364 resistit,
502 1324 678 1358 humilibus
701 1327 807 1358 autem
831 1324 883 1358 dat
899 1325 1032 1367 gratiam
1051 1338 1138 1357 ».—

174 1378 207 1411 In
231 1378 291 1411 hac
322 1378 419 1421 igitur
448 1377 543 1411 vidua
571 1378 811 1411 commendatur
846 1374 955 1411 sancta
983 1378 1137 1417 Ecclesia,

176 1431 415 1465 commendatur
439 1431 644 1464 nihilominus
668 1432 809 1471 castitas,
827 1432 989 1465 humilitas
1005 1435 1036 1465 et
1061 1441 1138 1473 pau-

176 1488 299 1528 pertas,
323 1494 405 1528 q-uae
430 1485 491 1518 tria
514 1488 588 1518 sunt
612 1485 740 1518 consilia
763 1485 942 1527 evangelica
965 1488 997 1518 et
1020 1485 1138 1527 perdu—

175 1541 253 1571 cunt
268 1538 404 1571 animam
421 1538 460 1571 ad
477 1538 700 1580 perfectionem
718 1538 931 1580 praecipuam,
948 1547 1029 1580 quae
1046 1547 1138 1580 prae—

176 1591 268 1634 cipue
291 1594 338 1624 est
361 1601 380 1624 a
403 1591 518 1624 Christi
543 1591 706 1633 discipulis
730 1591 881 1633 eligenda.

45 1386 153 1415 Epilogus.

293 1705 446 1733 Informatio
464 1706 498 1733 ad
515 1705 705 1741 providentiam
723 1706 843 1741 respectu
860 1706 1018 1733 futurorum.

266 1806 296 1838 9.
322 1806 362 1838 Et
396 1803 599 1848 quibusdam
634 1804 818 1837 dicentibus
853 1805 892 1837 de
927 1804 1045 1850 temple
1077 1807 1136 1837 etc.

176 1851 344 1901 Postquam
368 1858 549 1891 informavit
564 1858 735 1900 discipulos
751 1858 789 1891 ad
806 1858 961 1891 cautelam
979 1858 1137 1891 malorum

175 1915 206 1945 et
228 1912 267 1945 ad
290 1911 468 1954 eligentiam
491 1911 675 1951 meliorum,
700 1911 751 1944 hic
776 1911 893 1944 tertio⁵
918 1911 1066 1944 informat
1082 1921 1136 1945 eos

174 1965 214 1998 ad
232 1963 479 2008 providentiam
503 1969 650 2008 respectu
672 1963 882 2008 futurorum.
899 1965 1058 1998 Dividitur
1081 1975 1138 1999 au-

175 2022 238 2052 tem
262 2026 336 2060 pars
359 2017 419 2051 ista
441 2017 474 2057 in
497 2021 635 2060 quatuor
658 2021 774 2061 partes.
804 2018 837 2051 In
858 2018 961 2061 prima
984 2018 1138 2061 praedicit

175 2079 273 2114 quae,
291 2073 427 2104 ventura
458 2074 533 2105 sunt
562 2071 772 2114 generaliter.
804 2071 837 2104 ln
869 2071 1025 2110 secunda,
1055 2080 1138 2113 quae

175 2128 310 2168 ventura
333 2128 408 2158 sunt
431 2125 526 2158 circa
545 2125 805 2168 persecutionem
838 2124 1019 2164 Ecclesiae,
1048 2124 1090 2157 ibi
1105 2125 1136 2157 ⁵:

181 2177 307 2217 Videte,
331 2187 371 2210 ne
393 2178 605 2211 seducamini
626 2181 685 2211 etc.
710 2178 744 2210 In
768 2177 861 2211 tertia
871 2193 885 2217 ‚·
904 2186 985 2220 quae
1001 2181 1138 2210 ventura

175 2234 251 2265 sunt
273 2231 367 2265 circa
391 2231 645 2265 destructionem
668 2231 870 2270 Ierusalem,
889 2231 946 2263 ibi:
966 2231 1050 2264 Cum
1075 2240 1138 2263 au-

176 2289 238 2318 tent
261 2285 412 2319 videritis
443 2285 655 2319 circumdari
685 2285 727 2318 ab
759 2284 914 2317 exercita.
948 2285 980 2317 In
1005 2288 1137 2327 quarta,

176 2348 257 2382 quae
281 2342 415 2374 ventura
446 2342 522 2373 sunt
553 2339 646 2372 circa
678 2337 844 2371 iudicium
866 2337 986 2380 finale,
1011 2337 1071 2371 ibi:
1101 2338 1139 2370 Et

175 2396 274 2426 erunt
296 2393 396 2436 si9na
420 2393 456 2426 in
478 2392 544 2425 sole
566 2397 596 2425 et
619 2392 711 2425 luna.

265 2446 298 2479 In
322 2445 508 2488 explicando
531 2448 636 2478 autem
654 2444 915 2487 praedictionem
938 2443 1038 2486 futui
1040 2454 1138 2477 orum

33 2506 64 2529 ne
78 2507 162 2535 praedi·
176 2497 211 2530 in
234 2498 383 2542 quadam
405 2497 619 2541 generalitate
642 2497 703 2530 tria
726 2496 991 2536 introducuntur,
1020 2496 1138 2530 scilicet

0 2533 162 2591 ἰῗὲἴῗιὲῑῗὲἓ-
171 2550 390 2594 praedicendi
412 2550 561 2590 occasio,
585 2559 627 2583 ex
650 2550 813 2583 occasione
833 2549 1020 2592 praedictio
1044 2553 1075 2583 et
1096 2558 1137 2582 ex

0 2587 143 2609 ¹¹⁹¹³¹¹ffl³
177 2603 388 2646 praedictione
411 2603 610 2647 subsequens·
633 2603 792 2647 quaestio

269 2657 319 2689 10.
344 2656 446 2698 (Vers.
472 2656 527 2698 5.).
552 2656 656 2706 Primo
679 2656 776 2699 igitur
800 2656 905 2699 quoad
933 2656 1138 2690 occasionem

171 2709 391 2752 praedicendi
411 2708 534 2753 futura
558 2709 646 2744 dicit:
664 2710 706 2743 Et
728 2710 930 2754 quibusdam
954 2709 1138 2743 dicentibus

1 2028 3 2046 Ι
13 2025 92 2049 Divisio
106 2027 130 2049 in
143 2026 156 2048 k

45 2055 123 2082 partes.

0 2700 100 2723 :occasio
106 2706 167 2732 prae-

0 2754 1 2757 *
40 2727 134 2751 dicendi.

249 2861 258 2877 ¹
279 2863 315 2888 De
343 2870 395 2896 qua
424 2863 487 2889 vide
511 2866 600 2889 notaui
629 2863 848 2897 praecedentem3
877 2865 1006 2897 allegatur
1034 2865 1058 2891 in
1083 2865 1138 2898 ipsa

179 2907 241 2932 Luc.
263 2908 310 2940 18,
331 2908 372 2933 13.

249 2949 260 2965 ²
280 2951 356 2977 Vers.
377 2952 402 2977 2.
420 2964 457 2970 —
475 2951 564 2977 Glossa
583 2951 727 2979 ordinaria
747 2952 788 2984 (ex
812 2952 893 2985 Beda)
913 2953 986 2985 apud
1005 2954 1137 2985 Lyranum

179 2994 204 3020 in
223 2995 286 3021 Luc.
306 2996 352 3028 21,
374 2996 404 3021 t:
432 2996 505 3029 Quae
531 2995 633 3030 [vidua]
662 2996 688 3022 in
717 2997 934 3029 gazophylacium
959 2996 1067 3024 minuta
1085 2997 1139 3024 duo

179 3038 270 3070 mittit,
288 3039 351 3072 quia
370 3039 397 3064 in
415 3043 589 3071 conspectum
609 3039 714 3066 divinae
733 3040 890 3072 maiestatis,
909 3040 955 3067 ubi
978 3041 1060 3067 nostri
1079 3048 1140 3074 ope-

178 3082 215 3108 ris
233 3082 377 3109 oblationes
388 3083 465 3116 quasi
478 3086 549 3109 certo
568 3090 680 3110 numero
693 3084 862 3117 consignatae
874 3088 1028 3118 servantur,
1047 3086 1089 3112 vel
1103 3086 1140 3112 di-

0 3121 1 3143 l
179 3126 316 3153 lectionem
336 3127 383 3153 Dei
401 3130 427 3153 et
445 3127 573 3161 proximi,
592 3128 634 3154 vel
659 3128 719 3154 fidel
747 3131 773 3155 et
791 3129 953 3161 operationis
971 3136 1035 3156 suae
1054 3129 1139 3164 [Beda

0 3147 1 3215 i
179 3169 363 3205 orationisque
380 3170 457 3205 suae]
477 3178 586 3198 munera
606 3172 697 3199 desert.

251 3213 262 3229 ⁸
281 3215 319 3241 De
336 3221 390 3249 qua
409 3215 435 3241 in
453 3218 514 3241 notu
534 3216 718 3248 praecedente.

250 3258 262 3274 ⁶
280 3260 357 3286 Vers.
375 3260 400 3286 6.
418 3273 454 3280 -
473 3260 581 3287 lnserius
600 3268 648 3293 pro
672 3261 864 3295 perfectionem
887 3261 1068 3296 praecipuam
1092 3263 1138 3296 (ita

0 3318 1 3325 κ
156 3299 158 3301 ’
180 3303 199 3330 C
210 3303 242 3338 D)
261 3303 319 3330 Vat.
334 3311 378 3339 pm
380 3304 527 3339 fictionem
541 3307 712 3339 perpetuam

0 3340 1 3400 i
252 3347 262 3363 Β
281 3347 332 3375 Cfr.
351 3356 432 3382 supra
450 3356 474 3376 c.
493 3350 536 3376 20.
555 3357 581 3376 n.
600 3349 644 3376 52.

251 3391 263 3407 θ
282 3393 358 3420 Vers.
379 3394 410 3426 83
429 3393 503 3421 tertia
521 3400 584 3427 pars
602 3394 693 3427 incipit
711 3401 737 3420 v.
758 3395 801 3421 20.
819 3398 846 3422 et
863 3398 956 3429 quarta
975 3402 1002 3422 V.
1022 3395 1065 3422 25.

2097 230 2163 262 523

1201 312 1240 345 de
1264 313 1397 355 templo,
1422 315 1509 357 quod
1545 314 1638 347 bonis
1675 315 1844 358 lapidibus
1867 321 1894 348 et
1930 317 2026 349 donis
2062 327 2164 350 orna-

1202 370 1274 398 tam
1297 370 1395 405 esset,
1421 367 1517 399 dimit.
1548 368 1591 400 Ad
1628 368 1807 401 huiusmodi
1845 370 2024 403 laudatores
2056 371 2162 412 templi

1202 422 1358 461 quantum
1394 419 1432 452 ad
1464 421 1712 461 permanentiam
1748 425 1779 454 et
1814 423 2005 464 opulentiam
2043 424 2164 464 praedi-

1202 472 1300 505 cendo
1323 472 1433 505 futura
1456 474 1634 515 respondit,
1660 483 1698 507 ne
1722 475 1915 508 confiderent
1948 476 1978 508 in
2009 477 2058 509 his
2084 480 2166 509 tran-

1202 525 1335 565 sitoriis,
1360 526 1452 568 quia,
1477 526 1560 559 sicut
1582 527 1699 560 dicitur
1722 528 1761 560 ad
1784 529 1938 562 Hebraeos
1961 530 2082 562 decimo
2107 534 2166 563 ter-

1203 579 1247 611 tio
1260 579 1283 618 ⁷,
1312 592 1328 607 a
1349 588 1412 612 non
1437 580 1591 613 habemus
1616 580 1666 613 hic
1697 586 1874 614 manentem
1908 583 2080 621 civitatem,
2113 584 2165 616 scd

1203 632 1346 665 futuram
1370 632 1563 675 inquirimus
1577 645 1607 672 ¹³3
1639 638 1670 666 ct
1701 634 1770 667 ideo
1802 635 1957 668 secundae
1989 636 2025 668 ad
2059 636 2167 669 Corin-

1203 685 1286 718 thios
1310 688 1442 727 quarto:
1473 699 1489 715 «
1505 686 1570 719 Non
1595 688 1881 729 contemplantibus
1905 688 1995 721 nobis
2018 699 2100 731 quae
2124 691 2167 722 vi-

1202 738 1329 777 dentur,
1347 739 1400 772 sed
1424 749 1506 781 quae
1530 732 1590 773 non
1618 740 1773 774 videntur.
1803 741 1889 783 Quae
1912 743 1994 774 enim
2022 743 2167 776 videntur

1203 793 1390 834 temporalia
1421 797 1517 832 sunt;
1547 803 1629 836 quae
1660 798 1765 827 autem
1797 804 1859 827 non
1892 795 2038 828 videntur
2067 800 2167 829 aeter-

1202 854 1285 878 na».
1311 846 1462 888 Discipuli
1494 850 1619 886 autem,
1644 847 1784 880 nondum
1816 849 1989 882 existentes
2018 850 2167 891 spiritua-

1204 898 1266 937 les,
1291 899 1534 941 magnificabant
1570 894 1914 943 templum-”quantum
1947 902 1985 934 ad
2017 902 2167 935 solidita-

1204 955 1267 985 tem
1292 952 1457 994 aedilicii‚·
1489 953 1573 986 unde
1605 954 1698 987 Marci
1731 954 1852 987 decimo
1885 955 2021 987 tertiofl:
2060 955 2166 988 «Cum

1203 1006 1410 1048 egrederetur
1442 1007 1480 1040 de
1512 1008 1645 1049 templo,
1670 1008 1713 1040 ait
1749 1008 1792 1041 illi
1830 1018 1914 1041 unus
1938 1018 1979 1042 ex
2003 1009 2166 1051 discipulis

1203 1059 1283 1092 suis:
1309 1060 1472 1102 Magister,
1496 1061 1618 1103 aspice,
1643 1062 1752 1103 quales
1776 1062 1894 1104 lapides
1910 1066 1940 1095 et
1956 1063 2065 1104 quales
2082 1067 2166 1096 stru—

1203 1116 1356 1146 cturae»!
1382 1114 1623 1156 Magnificabant
1646 1115 1750 1157 ipsum
1775 1119 1929 1158 quantum
1954 1116 1992 1148 ad
2016 1116 2165 1149 subtimi-

1204 1171 1303 1200 tatem
1334 1168 1443 1200 cultus
1475 1168 1628 1207 Domini,
1664 1169 1739 1211 quia
1773 1173 1920 1202 ornatum
1954 1173 2022 1202 erat
2057 1170 2164 1208 donis,

1203 1220 1292 1263 quasi
1317 1221 1402 1254 Deus
1426 1229 1550 1263 semper
1575 1221 1607 1254 in
1631 1221 1684 1254 illo
1708 1221 1838 1255 deberet
1872 1222 1940 1255 coli.

1974 1223 2011 1255 Et
2043 1223 2072 1255 in
2107 1224 2282 1258 hocoiscimssi
2294 1232 2331 1253 sal-

2181 1259 2280 1280 lebautur
2295 1259 2332 1279 tri·

1203 1273 1370 1315 tripliciter
1393 1273 1600 1307 fallebantur:
1626 1279 1656 1308 et
1673 1275 1747 1317 quia
1760 1285 1874 1317 parva
1890 1276 2166 1319 maynificabant,
2208 1286 2300 1313 pliciter

1205 1329 1352 1369 tanquam
1377 1327 1403 1359 si
1428 1330 1533 1360 essent
1557 1336 1686 1369 magna,
1711 1336 1784 1360 cum
1809 1332 1912 1361 tamen
1929 1329 2053 1362 dicatur
2072 1330 2165 1362 Isaiae

1202 1379 1357 1412 ultim0⁹:
1387 1392 1403 1408 «
1419 1379 1545 1412 Caelum
1572 1380 1648 1412 mihi
1673 1380 1762 1413 sedes
1785 1385 1850 1420 est,
1875 1385 1962 1414 terra
1977 1386 2082 1415 autem
2100 1391 2166 1415 sca-

1203 1432 1321 1465 bellum
1346 1433 1462 1475 pedum
1486 1442 1640 1466 meorum.
1666 1434 1753 1475 Quae
1777 1438 1824 1466 est
1848 1435 1906 1467 ista
1922 1435 2045 1474 domus,
2071 1445 2166 1477 quam

1203 1486 1407 1519 aedificabitis
1431 1486 1531 1519 mihi?
1557 1487 1593 1518 Et
1616 1487 1689 1528 quis
1712 1491 1759 1520 est
1783 1488 1841 1520 iste
1858 1488 1946 1520 locus
1963 1488 2167 1530 requietionis

1203 1535 1317 1572 meae?
1341 1539 1453 1572 Omnia
1477 1540 1555 1572 haec
1580 1549 1694 1572 manus
1718 1549 1788 1573 mea
1819 1541 1908 1579 fecit,
1933 1546 1964 1573 et
1988 1541 2069 1574 facta
2093 1546 2167 1574 sunt

1203 1592 1353 1625 universa
1385 1592 1462 1632 ista,
1486 1593 1561 1625 dicit
1589 1593 1742 1626 Dominus
1758 1607 1789 1626 ».
1815 1594 1851 1626 Et
1881 1594 1951 1641 ideo
1975 1595 2167 1636 sapientissi-

1202 1654 1275 1678 mus
1299 1645 1444 1678 Salomon
1476 1646 1559 1679 tertii
1593 1647 1712 1688 Regum
1744 1650 1872 1680 octavo:
1902 1660 1918 1676 α
1936 1648 1964 1680 Si
1990 1648 2110 1681 caelum
2136 1652 2166 1681 et

1203 1698 1280 1731 caeli
1304 1698 1465 1731 caelorum
1491 1703 1521 1732 te
1544 1708 1657 1741 capere
1681 1709 1743 1732 non
1768 1705 1932 1742 possunt-n
1962 1705 2020 1734 etc.
2047 1720 2088 1725 —
2114 1703 2167 1735 Se-

1203 1752 1320 1792 cundo,
1335 1752 1410 1795 quia
1428 1753 1621 1796 corporalia
1633 1758 1662 1786 et
1672 1753 1838 1797 fiyuralia
1852 1755 2115 1797 maynilicabant
2133 1760 2168 1789 ut

1202 1814 1278 1839 vera
1301 1809 1333 1839 et
1356 1806 1541 1848 spiritualia.
1567 1808 1747 1849 Quocontra
1763 1808 1879 1841 dicitur
1896 1810 2028 1842 Actuum
2046 1809 2167 1842 decimo

1204 1859 1337 1901 septimo
1350 1858 1394 1892 ¹⁰:
1424 1872 1439 1888 a
1456 1860 1556 1899 Deus,
1573 1860 1627 1902 qui
1644 1860 1718 1893 fecit
1733 1861 1888 1894 mundum
1907 1865 1938 1895 et
1953 1862 2067 1901 omnia,
2085 1871 2167 1904 quae

1203 1912 1235 1945 in
1258 1922 1295 1946 eo
1319 1915 1412 1952 sunt,
1438 1913 1507 1952 hic,
1532 1914 1607 1946 caeli
1633 1917 1664 1946 et
1695 1918 1797 1947 terrae
1828 1924 1900 1948 cum
1929 1915 1967 1948 sit
1999 1916 2165 1954 Dominus,

1203 1976 1264 1999 non
1302 1966 1334 1998 in
1367 1966 1555 1999 manufactis
1578 1967 1702 2009 templis
1731 1967 1851 2000 habitat
1882 1976 1986 2010 neque
2020 1968 2166 2002 manibus

1203 2019 1351 2052 humanis
1374 2019 1507 2058 colitur,
1531 2019 1674 2061 indigens
1708 2019 1862 2062 aliquo»,
1894 2029 1966 2053 cum
1999 2020 2039 2053 sit
2070 2021 2163 2053 Deus.

1202 2091 1247 2097 —
1270 2072 1375 2105 Tertio
1399 2072 1608 2112 fallebantur,
1632 2072 1708 2115 quia
1731 2077 1959 2106 momentanea
1983 2077 2011 2106 et
2034 2073 2165 2106 caduca

1201 2124 1345 2168 magnif
1333 2124 1477 2164 cabant
1494 2134 1584 2167 quast
1600 2128 1705 2158 essent
1720 2128 1873 2167 perpetua
1890 2128 1921 2158 et
1936 2128 2074 2165 aeterna
2092 2135 2164 2159 cum

1202 2178 1326 2211 dicatur
1341 2181 1444 2211 tamen
1457 2178 1578 2220 primae
1594 2178 1633 2211 ad
1649 2178 1827 2212 Corinthios
1843 2179 1976 2221 septimo
1986 2180 2027 2211 ¹¹:
2046 2192 2061 2207 α
2075 2179 2165 2213 Prae-

1205 2231 1279 2264 terit
1302 2231 1385 2264 enim
1409 2230 1513 2273 figura
1537 2231 1634 2264 huius
1657 2231 1767 2264 mundi
1784 2245 1815 2264 n

1295 2285 1344 2316 11
1371 2283 1473 2324 (Vers.
1498 2284 1552 2326 6..)
1579 2285 1722 2319 Secundo
1742 2289 1895 2328 quantum
1913 2285 1951 2318 ad
1964 2286 2165 2327 praedictio-

1202 2346 1276 2370 nem
1309 2337 1536 2370 introductam
1566 2346 1608 2370 ex
1640 2338 1802 2371 occasione
1833 2342 1960 2380 accepta
1995 2339 2164 2371 subditur:

1202 2389 1293 2422 Haec
1315 2399 1401 2433 quae
1417 2389 1550 2428 videtis,
1574 2391 1702 2423 venient
1724 2391 1812 2429 dies,
1838 2391 1872 2423 in
1888 2390 2008 2434 quibus
2032 2401 2097 2424 non
2114 2402 2164 2424 re-

1203 2442 1371 2486 linquetur
1387 2442 1474 2485 lapis
1496 2452 1599 2485 super
1614 2443 1774 2485 lapidem,
1799 2443 1859 2487 qui
1872 2453 1938 2476 non
1957 2444 2162 2477 destruatur.

1202 2496 1265 2529 Hoc
1288 2495 1416 2538 quidem
1440 2496 1629 2538 generaliter
1645 2496 1763 2530 dictum
1788 2501 1835 2529 est
1858 2501 1889 2530 et
1912 2505 2023 2529 verum
2040 2500 2087 2530 est
2106 2507 2164 2539 pro

1204 2553 1346 2592 tempore
1368 2548 1484 2591 finalis
1507 2548 1642 2588 iudicii,
1667 2549 1793 2592 quando
1816 2550 1920 2582 omnia
1943 2549 2163 2589 destruentur,

1203 2602 1378 2636 secundum
1396 2602 1473 2636 illud
1490 2603 1636 2636 Matthaei
1653 2603 1802 2645 vigesimo
1819 2607 1933 2645 quarto
1947 2604 1988 2635 ¹²:
2007 2616 2022 2632 α
2035 2603 2161 2637 Caelum

1203 2658 1235 2689 et
1258 2658 1345 2689 terra
1376 2655 1588 2689 transibunt»
1615 2659 1692 2695 etc.;
1725 2659 1755 2689 et
1785 2655 1983 2698 Apocalypsis
2015 2655 2164 2698 vigesimo

1202 2709 1321 2752 primo:
1353 2722 1368 2739 ει
1386 2709 1525 2743 Primum
1557 2710 1678 2743 caelum
1706 2713 1738 2743 et
1760 2709 1861 2752 prima
1892 2713 1978 2743 terra
2008 2709 2102 2749 abiit,
2134 2713 2165 2743 et

1234 2870 1237 2886 s
1276 2862 1286 2878 ⁷
1307 2864 1380 2890 Vers.
1402 2863 1449 2894 ⁴4,
1469 2865 1528 2895 post
1547 2869 1627 2895 quem
1648 2862 1673 2887 ll.
1694 2861 1753 2887 Cor.
1774 2861 1803 2891 4,
1825 2861 1872 2891 ⁴8,
1892 2861 1917 2886 in
1937 2868 1991 2894 quo
2005 2868 2054 2893 pro
2068 2863 2167 2895 tempo·

1203 2907 1277 2934 ralia
1295 2908 1316 2933 Α
1326 2907 1345 2934 C
1357 2908 1378 2933 D
1396 2906 1561 2941 corporalia.
1574 2920 1606 2924 —
1621 2906 1710 2931 Glossa
1725 2905 1867 2931 ordinaria
1882 2905 2039 2938 (secundum
2053 2906 2162 2938 Bedam)

1204 2952 1311 2978 in-Luc.
1332 2952 1379 2982 2⁴,
1399 2952 1428 2977 5:
1456 2952 1517 2977 Post
1543 2949 1702 2976 oblationem
1731 2949 1842 2980 viduae,
1863 2949 1887 2975 iu
1916 2957 1968 2983 qua
1998 2950 2107 2975 Ecclesia
2129 2951 2163 2976 de

1204 2995 1328 3029 gentibus
1346 2995 1477 3028 signatur,
1496 2994 1639 3021 destructio
1659 2994 1748 3026 templi
1767 2993 1939 3025 supponitur,
1968 2997 1997 3019 ut
2015 2995 2163 3020 velamento

1204 3041 1304 3073 litterae
1322 3039 1476 3066 occultantis
1494 3038 1625 3065 recondita
1646 3041 1808 3064 sacramenta
1829 3038 1957 3064 Ecclesiae
1975 3038 2099 3070 incipiant
2118 3045 2164 3070 pa-

1204 3088 1312 3112 tescere.
1330 3084 1437 3111 Curavit
1455 3083 1527 3110 enim
1547 3083 1616 3109 Deus
1635 3086 1683 3109 etc.
1704 3084 1762 3115 (cfr.
1781 3083 1847 3109 intra
1867 3091 1893 3109 n.
1918 3084 1925 3108 l
1936 3084 1979 3115 1.),

1275 3128 1286 3143 ⁸
1305 3129 1381 3155 Vers.
1401 3129 1425 3153 l.
1443 3141 1479 3147 —
1498 3127 1624 3160 Superius
1643 3134 1692 3160 pro
1720 3127 1862 3154 existentes
1890 3127 1909 3154 C
1921 3127 1942 3153 D
1961 3129 2040 3160 entes,
2063 3128 2084 3152 G
2103 3133 2162 3153 con-

1202 3173 1333 3206 sistentes,
1353 3175 1378 3198 et
1397 3179 1446 3205 pro
1464 3171 1626 3199 soliditatem
1645 3172 1705 3197 Vat.
1723 3171 1928 3199 solemnitatem.

1274 3215 1285 3231 ⁹
1305 3217 1380 3243 Vers.
1400 3218 1424 3242 t.
1443 3218 1469 3242 et
1488 3217 1519 3247 2,
1538 3215 1635 3249 quibus
1653 3215 1818 3242 subnectitur
1836 3216 1874 3242 ΙΙΙ.
1894 3217 1959 3248 Reg.
1980 3216 2010 3246 8,
2030 3216 2072 3241 27.

1274 3259 1297 3276 ¹⁰
1317 3262 1391 3288 vers.
1419 3260 1461 3287 24.
1488 3263 1513 3286 et
1542 3260 1591 3292 25,
1618 3259 1664 3286 ubi
1692 3267 1741 3293 pro
1760 3259 1882 3294 indigens
1910 3258 2024 3286 ACDH
2050 3266 2105 3286 non
2126 3259 2164 3286 in-

1203 3304 1305 3340 diqens.
1983 3303 2003 3318 ¹¹
2024 3303 2100 3329 Vers.
2120 3305 2162 3330 31.

1274 3349 1296 3365 ¹⁹
1315 3350 1390 3375 Vers.
1410 3349 1458 3380 35,
1476 3352 1536 3381 post
1553 3356 1634 3383 quem
1652 3348 1734 3382 Apoc-
1753 3349 1802 3380 21,
1824 3349 1847 3375 t.
1866 3349 1950 3376 et.l³s.
1970 3350 2030 3380 101,
2051 3349 2093 3379 27,
2116 3349 2163 3375 ubi

1202 3401 1251 3428 pro
1267 3391 1439 3429 pernwnebis
1458 3393 1570 3426 Vulgata
1585 3400 1748 3427 permanes‚·
1767 3394 1813 3419 err.
1833 3396 1919 3419 tamen
1938 3392 2017 3420 Hebr.
2038 3394 2063 3425 ⁴,
2084 3394 2126 3420 tl.
2152 3400 2156 3402 ·

2186 2295 2232 2322 ipsa
2248 2301 2307 2322 prae-

2207 2322 2282 2344 dictio.
