2476 3921
884 224 1081 257 EXPOSlTlo
1105 225 1337 259 THRENORUM
1361 227 1392 259 C.
1419 227 1439 260 1.

165 312 299 342 audacter
313 313 404 342 Deum
417 313 610 350 provocant».
626 314 796 343 Praedones
810 313 887 348 sunt,
902 314 1069 350 quicumque
1084 314 1132 342 sti-

165 362 268 398 pendia
281 362 422 391 Ecclesiae
437 363 577 399 recipiunt
602 363 631 392 et
652 363 793 392 communi
806 362 929 391 utilitati
948 371 1005 391 nou
1019 362 1131 391 vivunt.

165 410 234 444 Vel,
264 411 391 447 inimici,
422 411 451 440 id
481 411 526 440 est
556 411 718 446 daemones,
752 410 921 447 locupletati
951 412 1037 447 sumt,
1064 411 1131 440 dum

164 458 318 489 multitudo
338 460 483 489 hominum
511 460 660 489 subiicitur
680 460 834 489 diabolicae
862 460 1011 494 servituti,
1034 461 1132 496 paucis

164 507 279 536 Christo
299 507 534 543 adhaerentibus;
555 508 698 537 Michaeas
710 507 734 536 ¹:
755 519 770 533 α
780 508 840 537 Vae
853 507 935 536 mihil
951 508 1018 544 quia
1038 507 1131 536 factus

159 1734 203 1763 los
218 1734 405 1770 designantur
426 1735 456 1762 in
476 1734 651 1763 Proverbiis:
678 1745 693 1759 «
708 1734 827 1762 Aversio
842 1734 1027 1769 parvulorum
1042 1733 1127 1762 inter-

158 1782 233 1812 ficiet
254 1791 300 1812 eos
311 1793 340 1817 »ς
362 1783 406 1811 et:
433 1794 448 1808 «
463 1783 491 1811 Si
512 1784 576 1819 quis
597 1783 641 1811 est
662 1783 816 1819 parvulus,
839 1782 960 1811 declinet
980 1782 1017 1811 ad
1037 1791 1081 1811 me
1096 1794 1124 1810 ».

239 1831 287 1860 21.
310 1832 404 1869 (Vers.
433 1832 486 1868 6.).
506 1832 580 1862 VAu.
602 1833 645 1861 Et·
675 1840 804 1869 cyressus
834 1833 885 1861 est.
911 1832 965 1860 Hic
993 1831 1127 1860 describit

2098 235 2161 267 615

1195 315 1314 350 civium,
1337 316 1386 344 sed
1407 316 1503 352 fugam
1518 317 1593 346 certe
1614 319 1834 349 meditabantur.
1849 321 1929 350 Unde
1950 322 2092 358 sequitur:
2118 323 2162 351 Et

1196 363 1331 392 abierunt
1351 365 1457 400 absque
1477 365 1663 403 fortitudine,
1690 368 1763 397 fame
1784 370 1888 405 quippe
1916 370 2058 400 attenuati
2080 372 2109 400 et
2129 373 2162 400 ti-

1195 413 1454 490 gilpgedazoinfracth
1481 415 1548 443 ante
1568 415 1671 449 faciem
1692 417 1905 455 subsequentis,
1932 420 2028 455 populi
2057 421 2163 449 scilicet

1276 510 1325 538 22.
1347 509 1527 548 ANeyortce,
1556 513 1590 540 ut
1617 513 1685 542 dicit
1710 514 1843 544 Rabanus
1857 515 1876 550 ⁷,
1904 529 1917 541 α
1939 517 1991 546 hac
2019 519 2160 547 sententia

1191 1734 1291 1762 vitatis
1319 1735 1462 1770 miseriam
1484 1744 1516 1764 ex
1536 1737 1776 1765 rememoratione
1792 1739 2039 1775 praeteritorum,
2069 1741 2159 1775 primo

1190 1783 1376 1819 flagellorum
1390 1784 1590 1819 multiplicium
1605 1785 1722 1821 propter
1744 1786 1859 1821 peccata
1874 1795 1941 1821 sua;
1960 1787 2058 1817 deinde
2073 1789 2158 1817 etiam

1190 1832 1435 1868 consolationum,
1448 1842 1518 1869 quas
1529 1833 1669 1862 habuerat
1683 1843 1716 1863 ex
1726 1835 1822 1871 gratia
1832 1836 1941 1869 divina,
1953 1837 2005 1865 ibi:
2022 1836 2158 1866 Omnium

2179 521 2260 543 Sensus
2274 523 2327 544 alle-

164 564 227 585 811111
248 556 322 585 sicut
342 557 390 593 qui
410 557 519 594 colligit
539 558 569 586 in
583 557 720 586 autumno
742 565 868 586 racemos
889 557 1059 592 vindemiam
1074 565 1131 587 non
1194 560 1358 595 arguuntur
1385 561 1561 597 negligentes
1583 563 1704 592 rectores
1733 564 1872 593 Ecclesiae
1896 566 1961 600 Dei,
1984 567 2018 596 ob
2040 576 2160 604 quorum
2207 554 2299 575 gor-eus.

164 605 209 634 est
228 604 329 634 botrus
350 606 387 634 ad
414 606 613 635 comedendum
627 618 656 634 ιο.
680 606 759 644 Quia
784 606 933 635 Dominus
955 605 1068 635 locutus
1090 607 1132 635 est
1193 608 1332 636 incuriam
1347 610 1422 644 perit
1436 611 1526 638 omnis
1547 611 1628 640 decor
1657 613 1752 648 populi
1774 614 1921 643 christiani
1941 628 1969 643 a».
1985 616 2050 650 Vel,
2073 617 2160 645 Filia

163 662 251 690 super
270 663 346 691 eam,
368 656 398 684 in
419 663 538 691 poenam
559 656 633 690 eius3
653 655 771 691 propter
792 656 866 684 enim
880 655 1017 684 demerita
1038 655 1130 684 subdi·
1195 655 1268 685 Sion
1289 657 1398 686 statum
1427 659 1570 695 significat
1597 661 1775 695 clericorum,
1798 671 1815 690 a
1844 664 1945 699 quibus
1965 673 2094 700 cyressus
2119 668 2160 694 est

163 703 258 733 torum
279 704 422 740 permittit
441 704 595 738 Dominus,
616 704 731 740 praefici
753 703 897 740 pastorem
911 703 1129 739 detestandum;
1194 706 1290 734 omnis
1311 707 1403 743 decor,
1419 708 1447 735 id
1468 708 1512 736 est
1526 708 1688 744 humilitas,
1712 711 1830 740 castitas
1844 712 2006 749 ceteraeque
2028 715 2158 743 virtutes.

163 753 274 782 Isaias:
301 764 316 778 α
330 753 410 782 Dabo
431 761 534 789 pueros
555 753 697 789 principes
722 761 835 787 eorum,
857 753 886 781 et
907 753 1060 782 effeminati
1081 753 1131 782 do·
1193 754 1261 789 Vel,
1284 756 1368 784 decor
1389 757 1550 793 egreditur,
1573 759 1684 794 quando
1710 759 1792 789 homo
1814 769 1869 790 non
1895 762 2058 797 confite-tun
2082 763 2159 792 Psal-

162 802 348 831 minabuntur
369 802 408 831 eis
420 814 448 830 ».
469 802 513 830 Ex
533 810 588 838 quo
610 801 738 838 sequitur
759 801 910 838 multiplex
929 801 1051 831 ulterius
1067 802 1129 831 sub·
1193 812 1270 832 mus:
1297 815 1312 829 α
1327 805 1470 834 Confessio
1492 807 1521 834 et
1542 807 1702 842 pulcritudo
1724 809 1752 837 iu
1774 810 1924 846 conspectu
1945 811 2004 839 eius
2019 823 2047 838 n.
2069 812 2159 840 Facti

162 851 254 880 versio
275 851 468 886 subditorum
494 851 637 880 Ezechiel:
665 862 680 877 «
699 851 780 880 Facti
801 851 870 880 sunt
896 860 998 888 greges
1019 852 1072 880 mei
1099 853 1129 880 in
1192 855 1262 881 swnt
1277 854 1426 889 principes
1457 856 1519 884 eius
1548 856 1628 884 velut
1647 857 1767 893 arietes,
1790 859 1837 894 qui
1869 867 1929 887 esse
1958 860 2049 889 solent
2077 861 2160 890 duces

163 901 307 937 rapinam,
332 901 361 930 et
381 909 447 930 oves
461 909 538 930 meae
559 901 589 929 in
603 901 813 930 devorationem
835 902 959 930 omnium
973 901 1129 930 bestIarum
1192 902 1304 938 gregis;
1325 903 1399 931 aries
1420 911 1483 931 cum
1505 904 1645 940 vagatur,
1668 914 1773 941 pascua
1787 915 1843 935 uon
1858 908 2019 942 inveniens,
2040 918 2109 945 grex
2124 910 2160 938 ad

161 950 238 985 agri,
260 957 291 978 eo
312 949 386 985 quod
417 957 473 978 nou
494 949 570 978 esset
598 949 711 985 pastor,
738 949 786 978 sed
818 950 973 985 pascebant
999 950 1129 986 pastores
1193 951 1318 986 pericula
1332 952 1485 980 comitatur
1497 951 1517 980 ⁸.
1532 953 1653 982 Pascua
1672 963 1733 983 non
1746 955 1856 984 invenit
1869 958 1917 992 qui
1931 957 2092 994 Scripturas
2104 967 2159 988 nou

161 998 327 1035 semetipsos
341 1010 370 1026 ».
391 998 535 1035 Parvuli,
557 998 586 1027 id
605 999 649 1027 est
667 999 821 1035 simplices,
843 1000 873 1027 in
897 999 999 1035 quibus
1020 999 1129 1028 solebat
1192 999 1338 1036 intelligit,
1353 1001 1401 1036 qui
1417 1001 1537 1036 spiritus
1552 1002 1723 1031 suavitatem
1738 1004 1767 1032 111
1782 1005 1863 1033 corde
1877 1013 1933 1034 11011
1946 1006 2042 1040 sentit,
2057 1007 2086 1035 et
2100 1007 2160 1036 ideo

160 1047 322 1076 innocentia
353 1047 470 1082 florere3
492 1047 572 1076 ducti
602 1049 673 1077 sumt
697 1048 730 1077 in
760 1049 973 1084 captivitatem,
1005 1049 1127 1084 peccati,
1193 1048 1345 1077 exteriores
1366 1050 1510 1078 vanitates
1532 1059 1583 1086 pro
1605 1052 1715 1080 solatiis
1736 1054 1868 1088 quaerit;
1897 1055 2012 1083 econtra
2033 1056 2066 1084 de
2088 1056 2159 1085 bono

162 1097 230 1124 ante
249 1095 354 1131 faciem
384 1096 571 1132 tribulantis,
600 1096 629 1125 id
650 1096 694 1125 est
719 1096 833 1125 diaboli.
860 1096 910 1125 Illi
931 1098 998 1125 ante
1025 1096 1129 1131 faciem
1193 1097 1307 1133 pastore
1329 1097 1432 1126 dicitur
1453 1099 1482 1127 in
1504 1098 1646 1128 Ioanne⁹:
1674 1112 1688 1126 α
1703 1101 1758 1129 Per
1773 1110 1816 1130 me
1832 1103 1855 1130 si
1870 1104 1933 1138 quis
1949 1104 2104 1138 introierit,
2120 1105 2159 1133 111-

160 1145 264 1174 diaboli
277 1144 435 1179 ducuntur,
457 1146 505 1181 qui
519 1145 706 1174 tentationem
728 1145 915 1181 praeveniunt
929 1146 958 1174 et
979 1146 1080 1182 sponte
1096 1147 1125 1175 in
1192 1146 1337 1182 gredietur
1348 1158 1362 1172 »
1381 1147 1417 1175 ad
1432 1147 1714 1184 contemplationem;
1735 1161 1749 1175 α
1760 1150 1789 1179 et
1804 1152 1963 1187 egredietur
1978 1164 1991 1178 »
2011 1153 2047 1181 ad
2061 1161 2158 1182 curam

160 1195 279 1223 crimina
299 1194 536 1230 praecipitantur.
1193 1195 1382 1230 pastoralem,
1410 1207 1424 1221 (ι
1439 1196 1468 1225 et
1488 1205 1593 1237 pascua
1620 1198 1790 1233 inveniet»;
1813 1201 1968 1235 quocontra
1995 1201 2098 1230 dicitur
2125 1202 2158 1230 de

239 1244 420 1273 Moraliter:
439 1244 545 1273 Hostis
572 1243 607 1279 fit
634 1244 667 1272 in
687 1244 794 1279 capite,
817 1244 929 1280 quando
950 1244 1129 1273 voluntatem
1191 1244 1268 1272 istis:
1286 1244 1356 1274 Non
1376 1245 1551 1275 invenientes
1563 1254 1679 1281 pascua
1687 1257 1697 1282 ;
1718 1247 1778 1276 ideo
1794 1249 1936 1284 sequitur:
1961 1250 2004 1278 Et
2024 1250 2160 1279 abierwnt

0 1305 1 1311 ¹
45 1302 141 1327 nomi„
160 1293 280 1323 rationis
307 1291 450 1322 inclinat'³
478 1293 515 1321 ad
542 1301 709 1322 consensum
729 1293 821 1321 malae
847 1293 1054 1330 suggestionis,
1083 1294 1128 1322 vel
1192 1293 1297 1329 absque
1324 1293 1512 1330 fortitudine,
1535 1295 1741 1325 tentationibus
1774 1297 1895 1326 faciliter
1923 1299 2156 1333 succumbentes3

159 1342 271 1379 quando
292 1341 467 1378 depravatur
495 1342 592 1371 oculus
620 1341 796 1370 intentionis.
818 1342 887 1376 Vel,
909 1342 944 1377 fit
963 1342 996 1370 in
1016 1343 1127 1378 capite,
1192 1342 1334 1370 Ezechiel:
1362 1353 1376 1367 α
1395 1342 1461 1371 Non
1482 1344 1648 1373 ascendistis
1675 1354 1708 1373 ex
1728 1346 1846 1375 adverso
1874 1355 1963 1383 neque
1985 1349 2158 1384 opposuistis

159 1391 273 1428 quando
294 1391 324 1419 in
345 1390 534 1420 adolescentia
555 1391 618 1427 quis
638 1390 739 1426 incipit
753 1391 864 1419 diabolo
886 1392 1010 1425 servire;
1033 1391 1104 1420 alios
1116 1390 1127 1405 ³
1192 1399 1243 1419 vos
1264 1399 1378 1419 murum
1400 1400 1451 1427 pro
1472 1392 1553 1421 domo
1574 1393 1709 1422 Israel».

160 1441 234 1469 enim
255 1440 332 1476 capit
352 1441 381 1468 in
403 1440 459 1468 fine
474 1440 565 1474 vitae;
588 1439 723 1468 Genesis:
751 1451 766 1465 «
779 1440 847 1475 Ipse
867 1440 1049 1468 insidiabitur
1070 1440 1129 1468 cal-
1273 1440 1322 1468 23.
1342 1440 1437 1477 (Vers.
1459 1441 1510 1477 7.),
1533 1442 1613 1470 ΖΑ1Ν.
1635 1443 1802 1472 Recordata
1822 1446 1863 1473 est
1884 1445 1936 1473 etc.
1965 1445 2038 1474 Huic
2063 1447 2158 1475 versui
2183 1451 2269 1473 Miseria
2285 1457 2309 1473 ex

158 1497 243 1518 caneo
272 1489 321 1518 tuo
336 1499 371 1523 »ς
392 1489 540 1517 Psalmus:
568 1500 582 1514 «
596 1489 658 1525 Ipsi
685 1489 849 1517 calcaneum
876 1498 969 1517 meum
998 1489 1128 1518 observa·
1191 1489 1258 1518 libri
1280 1490 1376 1525 plures
1397 1490 1504 1518 habent
1525 1492 1712 1526 praemissum
1733 1493 1791 1529 Ei,
1813 1493 1886 1522 unde
1908 1494 2029 1523 habent:
2052 1496 2095 1524 Et
2118 1479 2324 1532 regffiffiffie

159 1538 272 1567 bunt».
287 1538 340 1566 Sed
354 1538 466 1574 quando
480 1537 516 1573 fit
529 1538 620 1567 hostis
640 1538 673 1566 in
693 1538 800 1574 capite,
822 1538 933 1567 diabolo
948 1537 1069 1566 faciliter
1082 1538 1129 1566 da-
1192 1539 1315 1567 cordata
1336 1540 1392 1573 est;
1413 1539 1487 1574 quod
1508 1548 1568 1568 esse
1583 1548 1639 1569 non
1662 1541 1771 1576 potest,
1794 1543 1926 1577 quoniam
1941 1542 2009 1572 haec
2030 1544 2159 1573 clausula
2219 1538 2273 1553 ’ω’

158 1587 207 1615 tur
228 1586 321 1615 totum
342 1586 454 1622 tempus
468 1586 560 1620 vitae,
575 1586 676 1615 contra
689 1586 761 1614 illud
775 1585 1033 1615 Proverbiorum⁴e
1055 1597 1069 1611 ‹<
1083 1586 1127 1614 Ne
1191 1587 1222 1615 111
1242 1587 1372 1616 Hebraeo
1399 1588 1500 1623 incipit
1521 1589 1573 1617 sic:
1603 1589 1746 1618 Zacherab
1767 1590 1830 1624 etc„
1849 1591 1922 1626 quod
1950 1592 2159 1628 interpretatur

158 1635 207 1664 des
232 1636 332 1664 alienis
350 1635 485 1664 honorem
506 1635 589 1664 tuum
610 1635 639 1664 et
659 1643 749 1664 annos
759 1635 842 1664 <tuos
870 1635 977 1664 erudeli
991 1647 1019 1663 >›.
1049 1635 1128 1669 Quod
1191 1637 1363 1671 recordata,·
1384 1637 1483 1672 quodsi
1498 1637 1542 1665 Et
1555 1639 1747 1673 praecederet,
1769 1647 1825 1668 non
1840 1640 1977 1675 inciperet
1991 1649 2091 1670 versus
2105 1642 2159 1670 iste

158 1692 215 1713 non
229 1684 354 1719 faciunt,
376 1685 431 1713 nisi
447 1685 495 1720 qui
509 1684 632 1713 modicae
647 1684 716 1713 sunt
730 1684 864 1727 virtutis3
878 1684 939 1713 ideo
954 1692 1005 1720 per
1013 1693 1128 1720 parvu-
1191 1694 1209 1713 a
1231 1685 1322 1721 Zain,
1338 1685 1367 1714 et
1381 1686 1512 1715 deficeret
1527 1687 1594 1716 ordo
1608 1687 1763 1723 alphabeti.
1775 1705 1816 1708 —
1830 1689 1883 1717 Hic
1898 1691 2052 1726 exaggerat
2072 1691 2159 1726 capti·
2179 1694 2268 1716 Divisio.

1190 1881 1436 1910 desiderabilium.
1451 1898 1492 1902 —
1505 1882 1578 1911 Huic
1592 1883 1736 1911 clausulae
1751 1884 1946 1919 praemittitur
1967 1885 2065 1914 littera
2080 1886 2158 1914 Zain
2170 1884 2250 1906 [jueta
2260 1885 2321 1906 Zain.

1190 1930 1218 1958 et
1238 1930 1446 1966 interpretatur
1467 1931 1570 1965 Haec,·
1589 1932 1655 1967 quia
1685 1932 1754 1960 haec
1775 1933 1819 1961 est
1840 1933 1911 1962 ultio
1933 1934 2045 1968 divina,
2068 1935 2101 1963 ut
2122 1935 2158 1963 ad

1189 1979 1363 2007 calamitatis
1384 1980 1629 2015 exaggerationem
1655 1981 1759 2009 habeat
1780 1982 2000 2017 praeteritorum
2022 1992 2157 2012 rememo-

1190 2028 1338 2057 rationem.
1360 2028 1426 2062 Vel,
1455 2029 1488 2057 ut
1509 2029 1576 2057 dicit
1603 2029 1739 2058 Rabanus
1755 2029 1787 2064 ¹⁰,
1810 2030 1879 2059 haec
1907 2032 2029 2067 quatuor
2048 2033 2077 2060 in
2100 2041 2157 2060 una

2 1887 97 1920 ipserum
112 1891 144 1916 ty-
158 1881 286 1910 hosiium
305 1880 520 1916 formidabilem
536 1882 710 1916 potestatem
736 1889 786 1917 per
814 1880 943 1909 effectum
968 1880 997 1909 et
1029 1880 1126 1908 trium-

7 1921 144 1964 ’ῗρζῗζῗαῖῗ
158 1930 262 1967 phum,
284 1931 389 1967 primo,
413 1930 544 1966 respectu
569 1930 700 1958 omnium
721 1930 884 1965 insiqnium
907 1938 1126 1965 personarum,-

46 1969 103 1996 ΡΜ·
158 1982 292 2016 secundo,
315 1981 445 2017 respectu
463 1981 633 2016 principum
647 1982 674 2009 et
694 1981 853 2016 maiorum,
875 1980 929 2008 ibi:
953 1981 1043 2009 Facti
1057 1982 1127 2009 sunt

0 2039 74 2061 tmen-a
88 2039 143 2061 Van.
153 2030 303 2066 principes
328 2030 389 2058 cius
409 2029 462 2057 etc.
486 2044 528 2049 —
551 2028 624 2056 Huic
646 2028 790 2056 clausulae
819 2028 1005 2064 praeponitur
1026 2028 1125 2056 littera

158 2067 236 2114 'Vau,
259 2087 330 2114 quae
344 2077 552 2113 interpretatur
573 2078 617 2111 et;
636 2078 666 2105 in
688 2085 743 2113 quo
764 2077 964 2112 multiplicatio
985 2078 1125 2106 malorum

158 2126 330 2162 intelligitur
361 2127 435 2154 circa
462 2125 571 2153 statum
601 2125 631 2154 et
653 2124 664 2139 ⁵
696 2125 850 2154 dominium
878 2126 1123 2161 adversariorum,

158 2175 239 2211 quasi
253 2174 341 2203 dicat:
357 2174 517 2210 praedictae
532 2174 678 2203 severitati
692 2174 761 2203 haec
775 2174 861 2203 etiam
876 2175 919 2203 est
934 2175 1123 2211 adiungenda.

157 2240 197 2243 —
210 2223 286 2251 Dicit
300 2231 382 2259 ergo:
398 2223 544 2259 Egressus
558 2224 615 2259 est,
630 2224 660 2255 in
675 2223 889 2259 captivitatem,
913 2232 932 2252 a
953 2223 1020 2258 filia
1035 2223 1123 2259 Sion,

158 2271 187 2300 id
207 2272 251 2300 est
271 2281 288 2300 a
309 2272 424 2300 civitate
446 2272 619 2306 Ierusalem,
640 2281 711 2308 quae
733 2269 835 2301 dicitur
856 2272 922 2307 fiilia
944 2271 1025 2301 Sion.
1047 2264 1125 2301 Sicut

158 2321 232 2349 euim
253 2321 345 2350 mater
376 2322 502 2358 protegit
523 2322 626 2356 filiam,
658 2322 698 2350 sic
729 2331 780 2350 arx
801 2322 867 2351 Sion
898 2322 1042 2350 civitatem
1071 2323 1125 2351 sibi

159 2370 302 2399 subditam
322 2371 497 2399 defendebat.
517 2370 619 2399 Omnis
639 2371 724 2400 decor
745 2372 824 2405 eius‚·
844 2371 980 2399 Ieremias
992 2369 1018 2399 ⁸:
1046 2382 1060 2396 ει
1074 2371 1125 2399 Re-

158 2423 223 2456 ges,
245 2421 400 2456 principes,
423 2420 582 2449 sacerdotes
603 2420 632 2448 et
653 2420 808 2456 prophetae
823 2432 851 2456 >›,
867 2420 993 2449 homines
1015 2420 1125 2449 strenui

158 2470 195 2498 ad
215 2478 310 2504 arma,
333 2470 418 2506 periti
438 2470 474 2498 ad
495 2470 627 2504 consilia,
648 2470 729 2498 iuxta
749 2470 833 2498 illud:
861 2470 956 2498 «Ecce
977 2470 1063 2504 enim,
1079 2470 1124 2498 do-

158 2519 281 2547 minator
302 2519 439 2547 Dominus
470 2519 643 2547 exercituum
674 2518 784 2547 auferet
816 2519 852 2547 ab
873 2519 1029 2546 Ierusalem
1051 2518 1079 2546 et
1106 2527 1124 2547 a

158 2568 230 2596 Iuda
251 2568 375 2596 validum
397 2567 426 2596 et
447 2567 562 2601 fortem,
585 2576 665 2596 omne
687 2567 773 2596 robur
794 2568 890 2603 panis,
913 2567 1014 2596 fortem
1036 2567 1064 2595 et
1084 2568 1123 2595 vi-

159 2625 222 2644 rum
242 2616 409 2645 bellatorem
435 2616 464 2644 et
488 2616 605 2644 iudicem
631 2616 659 2644 et
681 2616 848 2652 prophetam
871 2628 885 2641 »
912 2616 1016 2644 etc.—
1030 2616 1123 2652 Sequi-

159 2665 207 2693 tur
227 2673 279 2700 pro
299 2664 450 2693 deiectione
465 2665 635 2699 principum
656 2664 794 2699 speciali:
815 2665 904 2693 Facti
924 2666 993 2693 sunt
1008 2665 1123 2700 princi-

153 2721 207 2749 pes
229 2714 290 2742 eius
304 2713 381 2742 velut
400 2714 504 2742 arietes
530 2722 592 2741 non
612 2714 786 2741 invenientes
805 2721 937 2749 pascua;
958 2714 1026 2741 tunc
1047 2714 1122 2741 enim

159 2762 227 2791 sunt
248 2763 350 2791 arietes
371 2763 476 2791 debiles
504 2762 533 2790 et
554 2763 635 2798 vagi,
657 2762 778 2790 faciliter
799 2763 828 2790 in
857 2763 940 2797 lupos
958 2762 1121 2790 incidentes.

159 2811 203 2839 Sic
230 2812 259 2839 111
290 2812 416 2847 tempore
447 2811 597 2840 obsidionis
628 2811 769 2846 principes
797 2811 840 2839 illi
871 2811 943 2839 fame
975 2811 1003 2839 et
1030 2811 1122 2839 inedia

159 2860 263 2895 pressi,
284 2860 430 2889 dissolutis
455 2860 579 2894 viribus,
609 2859 710 2895 pavido
732 2860 828 2894 corde,
854 2868 910 2888 non
932 2860 1122 2889 defensionem

232 3006 239 3020 ¹
260 3006 323 3038 Cap.
342 3007 373 3036 7,
393 3007 418 3032 l.
435 3021 472 3026 —
490 3007 613 3039 Sequitur
632 3006 686 3031 lsai.
709 3007 737 3036 3,
759 3006 783 3032 si.
802 3010 826 3032 ct
843 3008 933 3032 Ezecli.
954 3007 1001 3038 34,
1022 3008 1046 3033 8.

230 3040 240 3055 ²
262 3042 318 3067 vat.
338 3043 425 3068 hostes
444 3043 508 3068 sunt
523 3042 549 3068 in
567 3042 677 3075 capite...
698 3041 822 3068 volnntcm
836 3042 951 3068 rationis
969 3042 1118 3069 inclinatur

160 3084 207 3108 pro
227 3077 309 3103 hostis
328 3079 357 3111 lit
376 3077 404 3103 in
423 3078 535 3111 capite...
555 3079 718 3103 mnuntntmn
737 3078 852 3104 rationis
872 3077 992 3104 inclinat.

231 3112 241 3126 ⁸
262 3113 319 3138 Vnt.
344 3112 458 3146 aliquos.
481 3127 516 3132 -—
539 3114 661 3145 Sequitur
688 3114 752 3138 Gen.
775 3114 804 3143 3,
834 3113 879 3143 115,
910 3113 954 3139 ubi
985 3114 1002 3138 Β
1031 3113 1119 3140 calca·-

160 3154 209 3173 neo
229 3149 288 3179 tuo,
312 3148 370 3174 Vat.
396 3148 521 3175 calcanco
545 3156 609 3179 suo,
630 3149 741 3180 Vulgata
768 3148 894 3175 calcaneo
919 3148 997 3181 eins,-
1023 3150 1119 3175 deiude

161 3183 200 3208 ΡΞ.
220 3183 266 3213 55,
285 3183 310 3208 7.
598 3198 602 3200 -

231 3217 241 3231 ⁴
261 3218 324 3250 Cup.
344 3219 373 3249 5,
394 3220 424 3249 9;
444 3220 503 3244 dein
524 3219 587 3244 ibid.
608 3220 636 3250 i,
656 3219 700 3244 32.
719 3222 743 3244 ct
763 3220 791 3250 9,
813 3219 836 3245 li.

232 3253 242 3266 ⁵
262 3254 321 3279 Vnt.
339 3254 420 3279 verba
440 3258 481 3286 et,
506 3254 534 3280 in
560 3261 611 3288 quo
636 3258 684 3280 etc.
705 3255 810 3285 omittit,
839 3255 907 3280 unde
934 3256 1038 3287 penitus
1064 3263 1119 3281 cor-

160 3292 236 3320 rupte
255 3290 317 3320 legit
343 3289 412 3321 Van,
433 3297 500 3323 ‘Inue
520 3290 713 3324 interpretatur
732 3290 882 3316 dominium
901 3294 965 3323 etc.,
985 3292 1049 3316 infru
1070 3298 1118 3323 pro

158 3324 274 3356 proteqit
293 3324 379 3359 filium
399 3325 456 3350 Vnt.
478 3325 583 3352 ridetur
600 3327 741 3359 protegere
760 3325 854 3360 sitiam.

231 3357 242 3372 ὅ
269 3359 331 3391 Cup.
361 3362 389 3391 2,
419 3362 462 3386 26.
493 3362 541 3386 Pro
567 3360 694 3387 Ieremias
721 3361 778 3386 Vnt.
805 3361 832 3386 itt
857 3363 902 3387 est.
931 3375 966 3380 --
995 3362 1118 3393 Sequitur

162 3393 218 3419 lsai.
237 3395 265 3425 3,
290 3396 310 3420 1.
330 3396 354 3420 2.
370 3410 397 3413 —
417 3397 482 3421 lun-a
502 3404 550 3428 pro
569 3396 710 3422 ‹teiecttone
726 3396 881 3430 principum
899 3397 955 3422 Vat.
970 3396 1113 3427 deletione,

1190 2077 1258 2105 sunt
1289 2078 1465 2106 connexione
1492 2078 1697 2114 computanda:
1729 2079 1790 2114 He,
1827 2080 1905 2115 Vau,
1936 2080 2030 2115 Zain,
2061 2081 2154 2116 Hetli,

1189 2126 1263 2161 quod
1284 2126 1328 2154 est
1349 2126 1467 2155 dictum:
1491 2127 1557 2155 Ista
1578 2128 1605 2155 et
1626 2127 1695 2155 haec
1714 2128 1788 2163 vita,
1811 2128 1844 2156 ut
1865 2129 1990 2157 iustitiae
2017 2129 2156 2157 subdatur

1189 2176 1237 2211 qui
1258 2175 1358 2204 contra
1380 2175 1431 2204 Dei
1452 2175 1659 2211 beneplacitum
1680 2176 1808 2205 conatur.

1270 2224 1318 2252 24.
1340 2224 1416 2252 Dicit
1436 2232 1516 2260 ergo:
1538 2224 1707 2253 Recordata
1727 2227 1769 2254 est
1783 2225 1835 2253 etc.
1859 2225 2036 2254 Constructio
2058 2226 2095 2254 ibi
2111 2227 2154 2254 iu-
2167 2229 2267 2250 Memoria
2277 2230 2313 2250 ssa-

2187 2256 2289 2282 gellorum

1188 2273 1316 2309 cipienda
1337 2273 1399 2302 est:
1426 2273 1498 2302 Cam
1525 2274 1640 2302 caderet
1655 2274 1786 2309 populus
1807 2275 1883 2309 eius,
1907 2275 2012 2303 scilicet
2039 2275 2316 2309 Iudaeo-muniminum.

1189 2330 1267 2355 rum,
1290 2323 1322 2350 in
1343 2331 1435 2350 manu
1456 2323 1569 2358 hostili,
1593 2322 1798 2351 Chaldaeorum
1821 2323 1940 2357 scilicet3
1956 2325 1983 2351 et
2003 2332 2061 2351 non
2082 2326 2154 2352 esset

1188 2371 1364 2407 auxiliator,
1381 2372 1497 2407 propter
1512 2372 1626 2407 peccata
1647 2380 1711 2405 sua,
1734 2371 1785 2399 Dei
1800 2372 1852 2399 sibi
1873 2372 1976 2401 auxilio
1991 2372 2151 2407 subtracto;

1189 2419 1265 2453 tunc,
1281 2420 1340 2448 dico
1350 2442 1356 2453 ,
1371 2420 1525 2448 recordata
1539 2422 1580 2448 est
1591 2420 1761 2455 Ierusalem,
1778 2421 1924 2449 continens
1940 2429 1990 2456 pro
2005 2422 2150 2455 contento,

1187 2469 1302 2496 dierum
1324 2468 1495 2503 afflictionis
1514 2477 1600 2503 suae,
1630 2469 1732 2504 quibus
1753 2469 1890 2498 Dominus
1911 2478 1972 2497 eam
2000 2471 2151 2506 multiplici

1187 2517 1300 2553 flagello
1314 2517 1425 2550 afflixit,
1440 2517 1473 2545 ut
1487 2518 1531 2545 vel
1546 2518 1585 2545 sic
1606 2517 1833 2551 converteretur3
1849 2519 1921 2546 unde
1936 2519 1964 2546 in
1980 2519 2093 2547 Psalmo
2107 2519 2128 2533 ¹¹
2143 2531 2148 2547 :

1191 2577 1207 2591 α
1220 2566 1349 2594 Visitabo
1370 2566 1400 2594 in
1421 2567 1503 2601 virga
1517 2566 1682 2601 iniquitates
1703 2575 1798 2595 eorum
1821 2567 1849 2594 et
1870 2567 1899 2595 111
1913 2567 2076 2595 verberibus
2092 2576 2150 2603 pec-

1186 2616 1250 2644 cata
1271 2623 1366 2644 eorum
1387 2625 1419 2648 »3
1447 2616 1482 2650 et,
1504 2615 1617 2651 repete:
1640 2616 1793 2644 recordata
1815 2618 1863 2651 est,
1883 2617 2151 2652 praeuaricationis

1185 2672 1271 2699 suae,
1294 2664 1322 2692 id
1344 2664 1387 2691 est
1415 2664 1665 2700 transgressionis,
1688 2665 1805 2700 propter
1826 2674 1910 2701 quam
1932 2666 2035 2693 meruit
2056 2672 2072 2693 a
2094 2665 2150 2694 Do-

1187 2714 1261 2741 mino
1275 2712 1425 2748 flagellari.
1447 2713 1498 2748 E't,
1521 2714 1631 2749 repete:
1658 2713 1811 2742 recordata
1826 2716 1879 2749 est,
1896 2715 2025 2742 omnium
2046 2713 2148 2742 deside-

1186 2762 1328 2790 rabilium
1349 2770 1484 2797 suorum,
1507 2762 1535 2789 id
1556 2762 1600 2790 est
1621 2762 1770 2795 bonorum,
1794 2771 1864 2798 quae
1886 2763 1961 2790 Deus
1983 2763 2007 2790 ei
2027 2762 2148 2791 contule-

1187 2811 1248 2844 rat,
1272 2819 1346 2846 quae
1367 2811 1511 2838 habuerat
1530 2819 1548 2839 a
1570 2811 1668 2839 dicbus
1689 2811 1835 2846 antiquis,
1862 2812 1890 2839 iu
1911 2811 2040 2846 Aegypto
2069 2811 2097 2838 et
2118 2811 2146 2838 in

1186 2860 1296 2888 deserto
1318 2859 1346 2888 et
1368 2860 1396 2887 in
1425 2859 1502 2888 terra
1524 2860 1729 2895 promissionis,
1758 2860 1803 2888 vel
1825 2860 1948 2895 tempore
1974 2860 2145 2892 Salomonis,

1185 3011 1210 3033 ct
1229 3012 1292 3034 cnm
1312 3007 1409 3033 enim...
1428 3007 1455 3032 in
1476 3005 1554 3038 lupos
1574 3005 1730 3031 insidiantes
1756 3004 1877 3031 incidunt
1895 3011 1942 3035 pro
1963 3005 2026 3029 tnnc
2044 3003 2143 3028 enim...

1185 3043 1212 3069 in
1233 3043 1310 3076 lupos
1330 3042 1482 3069 incidentes.
1501 3041 1563 3072 δῖε,-
1583 3041 1697 3072 (lenique
1717 3044 1775 3071 post
1794 3039 1969 3072 demisionem
1997 3039 2089 3063 omittit
2109 3038 2143 3064 ci-

1186 3086 1267 3105 cznm.

1255 3112 1264 3126 ⁷
1286 3114 1415 3144 Expositio
1435 3118 1514 3144 super
1544 3112 1632 3136 ierem.
1658 3109 1715 3134 libr.
1738 3110 1825 3134 xvul.
1845 3109 1869 3133 iu
1889 3110 1957 3134 bunc
1977 3109 2024 3133 loc.
2044 3122 2079 3127 —
2099 3108 2141 3133 Se-

1184 3149 1272 3182 quitur
1294 3150 1333 3173 ΡΒ.
1352 3149 1398 3178 95,
1420 3149 1443 3172 ὃ.
1599 3180 1603 3183 .
1773 3179 1776 3183 .
2073 3178 2077 3181 ι

1255 3183 1265 3198 ‘³
1286 3185 1345 3208 Vol.
1363 3190 1469 3216 yreyem
1491 3181 1527 3207 nd
1542 3180 1692 3214 pern-ulum
1714 3179 1786 3205 duczt
1806 3186 1853 3210 pro
1872 3185 1941 3211 yrea*
1961 3177 1997 3203 ad
2015 3177 2138 3211 pericula

1185 3219 1339 3246 comitatur.

1255 3253 1266 3268 ⁰
1285 3254 1348 3285 Cap.
1372 3254 1415 3283 ¹0,
1436 3253 1464 3281 9;
1484 3251 1578 3276 deinde
1599 3251 1687 3274 [izei-11.
1712 3250 1755 3279 13,
1776 3249 1799 3273 5.

1256 3288 1277 3303 ¹⁰
1297 3289 1409 3319 Exposit.
1428 3294 1507 3318 super
1532 3287 1621 3310 levem.
1650 3285 1706 3309 libr.
1726 3285 1818 3313 xvnl,
1838 3284 1932 3309 inu-od.
1951 3297 1986 3302 —
2005 3284 2068 3309 {nn-u
2090 3291 2138 3315 pro

1185 3325 1251 3355 rita,
1272 3326 1300 3349 nt
1321 3322 1435 3348 iustitiae
1454 3321 1613 3347 subdatur...
1632 3321 1746 3346 conatur
1768 3320 1824 3344 Vnt.
1852 3320 1914 3344 salso
1936 3321 1986 3345 utu
2008 3319 2138 3350 Iustitiae,

1183 3359 1342 3385 subdatur...
1363 3358 1469 3383 tractat.

1256 3394 1275 3407 ¹¹
1298 3393 1388 3418 Psalmi.
1410 3393 1458 3422 88,
1478 3392 1519 3416 33.
