2476 3921
154 1016 287 1038 mercenarii.

226 1229 288 1257 Lupi.

144 1497 225 1518 Solutio
239 1496 294 1518 diffi-

158 1523 253 1545 enitatis.

144 2492 175 2512 De
183 2492 294 2513 occasione

157 2518 195 2539 zeli
211 2518 296 2540 deordi-

165 2545 229 2566 nandi
244 2547 290 2566 tan-

157 2574 234 2598 guntur
248 2572 296 2593 tria.

312 281 375 313 2lt6

311 378 372 402 non
397 370 465 400 erat
487 368 558 399 cum
584 365 715 397 Domino
738 372 841 405 neque
864 362 1057 404 sequebatur
1080 370 1171 394 eum:
1197 370 1272 402 ergo

311 425 379 455 erat
401 421 432 453 ei
453 419 647 452 contrarius
670 421 701 450 et
723 416 885 458 discipulis
908 416 985 448 eius.
1011 414 1172 456 Quomodo
1196 424 1271 456 ergo

155 484 205 504 'tria
219 488 296 509 reuera
310 478 377 508 erat
398 483 461 515 pro
484 471 554 504 eis?
575 489 617 494 —
642 471 687 502 Ex
712 479 775 511 quo
798 469 891 501 datur
923 468 1070 510 intelligi,
1102 467 1185 509 quod
1211 468 1272 499 tria

165 510 296 537 praedicato-

165 542 218 557 rum.

184 563 290 583 Pastores.

309 531 383 561 sunt
413 534 528 568 genera
559 524 820 566 praedicatorum.
852 521 984 563 Quidam
1016 524 1090 554 sunt
1120 525 1272 563 pastores

308 580 397 618 veri,
432 578 518 611 ethi
554 580 712 619 quaerunt
744 576 846 608 solum
878 575 932 607 Dei
965 575 1116 607 honorem
1140 577 1172 608 et
1196 574 1271 606 sub-

308 633 445 666 ditorum
478 631 628 669 salutem,
658 629 831 662 secundum
857 628 934 661 illud
958 628 1080 660 loannis
1103 627 1224 674 decimo
1242 628 1269 659 ¹:

313 699 329 714 «
346 686 449 718 Bonus
472 687 577 726 pastor
597 683 732 715 animam
757 691 846 714 suam
862 682 915 714 dat
939 690 997 723 pro
1020 681 1132 713 ovibus
1153 680 1218 713 suis
1236 692 1270 719 »;

308 743 339 772 et
370 738 419 771 isti
452 740 525 770 sunt
556 735 741 778 excipiendi
771 739 799 766 et
830 733 1028 767 honorandi.
1062 734 1097 766 Et
1133 734 1164 766 hi
1198 735 1272 766 sunt

308 792 480 825 imitatores
503 790 636 828 Christi,
661 789 742 822 sicut
761 789 945 821 Timotheus
962 787 1115 830 Apostoli,
1139 787 1177 819 ad
1201 787 1271 819 Phi-

307 847 464 888 lippenses
493 843 647 877 secundo:
681 856 696 871 a
721 842 838 875 Omnes
868 851 949 884 quae
977 851 1034 874 sua
1066 845 1140 874 sunt
1175 849 1271 883 quae-

292 898 404 937 runt,
437 907 498 930 non
530 906 612 939 quae
646 900 720 929 sunt
752 896 820 928 lesu
851 895 977 928 Christi.
1010 895 1270 936 Experimentum

308 956 413 985 autem
437 951 506 984 eius
529 950 678 992 accipite,
703 949 852 991 quoniam
880 948 962 981 sicut
985 948 1065 989 patri
1091 948 1175 980 filius
1208 957 1271 980 me-

308 1015 381 1039 cum
406 1005 538 1038 servivit
559 1004 589 1036 in
625 1003 789 1045 Evangelio
805 1016 835 1034 ».
865 1020 906 1025 —
935 1001 1067 1043 Quidam
1093 1010 1168 1034 vero
1197 1004 1271 1034 sunt

307 1058 527 1096 mercenarii,
564 1057 617 1099 qui
650 1066 709 1098 pro
741 1055 904 1088 commodo
935 1054 1134 1096 praedicant,
1168 1058 1270 1087 tamen

307 1122 384 1145 vera
406 1116 437 1144 et
468 1111 567 1149 bona,
599 1110 637 1142 de
669 1109 786 1152 quibus
817 1108 938 1141 Ioannis
965 1107 1112 1141 decim02
1136 1108 1269 1140 dicitur:

313 1180 329 1195 «
346 1165 557 1198 Mercenarius
581 1168 686 1196 autem
712 1163 805 1205 fugit,
830 1162 904 1204 quia
928 1162 1143 1194 mercenarius
1166 1165 1214 1194 est
1235 1174 1269 1199 »;

308 1224 339 1253 et
364 1220 412 1252 isti
438 1218 611 1251 tolerandi.
630 1236 672 1241 —
688 1217 821 1258 Quidam
845 1219 919 1249 sunt
943 1215 1030 1257 lupi,
1055 1216 1137 1248 sicut
1160 1216 1269 1248 haere-

308 1273 378 1312 tici,
403 1272 457 1314 qui
487 1272 518 1303 in
542 1271 684 1303 doctrina
714 1269 855 1303 veritatis
878 1278 895 1300 a
919 1268 1044 1301 Christo
1073 1268 1269 1307 discordant;

308 1327 346 1360 de
370 1326 487 1368 quibus
510 1325 627 1357 dicitur
649 1324 770 1356 Ioannis
793 1323 954 1355 decimo³:
984 1323 1119 1364 «Lupus
1142 1322 1225 1364 rapit
1240 1326 1272 1355 et

308 1379 458 1422 dispergit
483 1387 557 1411 oves
574 1391 607 1416 »;
632 1381 664 1410 et
680 1380 812 1409 Actuum
837 1376 1002 1418 vigesimo:
1025 1389 1040 1404 «
1058 1376 1224 1408 lntrabunt
1238 1376 1270 1408 in

308 1443 364 1466 vos
388 1422 452 1475 lupi
478 1440 622 1474 rapaces,
640 1440 701 1463 non
720 1433 883 1472 parcentes
907 1429 993 1472 gregi
1010 1442 1046 1467 »;
1071 1433 1102 1462 et
1124 1429 1173 1462 isti
1197 1433 1272 1463 sunt

308 1487 456 1520 arcendi.
482 1486 517 1518 Et
532 1486 570 1518 de
587 1484 709 1517 tatibus
725 1483 909 1526 intelligitur
934 1484 1011 1516 illud
1035 1484 1180 1516 Matthaei
1196 1484 1271 1516 duo-

308 1541 468 1579 decimo43
493 1540 531 1572 de
555 1538 701 1571 secundis
725 1541 847 1570 tantum
873 1537 1014 1579 loquitur
1039 1537 1070 1569 in
1099 1537 1269 1579 proposito.

308 1593 394 1627 Unde
411 1592 504 1625 Marci
529 1600 612 1624 nono
628 1591 761 1623 dicitur:
792 1603 806 1618 α
825 1590 919 1622 Nemo
943 1593 1003 1628 est,
1021 1589 1074 1631 qui
1100 1589 1191 1622 saciat
1207 1590 1271 1628 vir-

308 1650 409 1680 tutem
435 1647 466 1678 in
490 1645 617 1677 nomine
641 1652 726 1681 meo,
751 1647 782 1675 et
804 1643 903 1684 possit
926 1643 987 1675 cito
1010 1643 1091 1674 male
1123 1642 1207 1684 loqui
1233 1643 1272 1676 de

308 1709 358 1733 me
375 1712 410 1737 »;
434 1699 518 1732 unde
551 1698 683 1730 Actuum
707 1697 829 1729 decimo
861 1705 943 1728 nono
975 1695 1110 1728 habetur
1141 1695 1179 1728 de
1211 1696 1272 1728 illis

308 1753 381 1786 filiis
404 1753 532 1790 Scevae,
558 1750 641 1793 quod
664 1752 898 1782 «tentaverunt
922 1749 1068 1781 invocare
1084 1758 1197 1781 nomen
1214 1749 1272 1782 Do-

310 1806 384 1839 mini
419 1806 486 1838 lesu
503 1817 541 1843 »3
566 1808 597 1837 et
628 1803 793 1841 subditur,
822 1802 906 1845 quod
937 1815 952 1830 «
976 1802 1106 1844 spiritus
1134 1811 1270 1845 nequam

307 1860 389 1893 dixit
420 1860 481 1892 eis:
507 1858 608 1891 Iesum
641 1857 711 1889 novi
745 1861 776 1889 et
809 1856 938 1889 Paulum
963 1856 1044 1895 scio;
1079 1866 1133 1889 vos
1164 1860 1269 1890 autem

307 1914 392 1947 unde
416 1913 513 1946 estis?
539 1912 573 1944 Et
597 1911 772 1954 praevaluit
796 1914 906 1945 contra
928 1911 1052 1949 ambos,
1076 1911 1119 1943 ita
1135 1914 1171 1943 ut
1194 1911 1268 1944 nudi

307 1972 339 2001 et
362 1967 518 2000 vulnerati
543 1966 669 1999 exirent
692 1965 821 1997 domum
839 1978 869 1996 ».

398 2021 449 2054 94.
475 2021 614 2053 Factam
639 2024 685 2051 est
708 2022 834 2057 autem,
851 2018 933 2050 dum
949 2018 1190 2061 complerentur
1209 2023 1268 2052 etc.

142 2073 472 2137 Sssfffifl’a‘ffipoetquam
487 2073 666 2106 informavit
687 2072 861 2114 Apostolos,
881 2071 1031 2104 Ecclesiae
1048 2072 1214 2113 praelatos,
1231 2072 1269 2104 ad

142 2137 293 2185 stataet:

164 2191 282 2212 formantur

160 2217 282 2245 dupliciter.

307 2129 517 2162 humilitatem
541 2127 654 2165 animi,
677 2126 825 2158 informat
848 2125 899 2157 hic
924 2124 1061 2157 secundo
1078 2125 1123 2157 ad
1147 2135 1269 2169 aequa—

307 2181 490 2214 nimitatem
514 2180 579 2212 zeli
591 2179 613 2211 ⁵.
640 2179 676 2211 Et
700 2178 795 2211 habet
819 2178 895 2210 haec
920 2186 993 2219 pars
1015 2177 1111 2216 duas,
1136 2178 1167 2210 in
1191 2187 1269 2220 qua-

307 2243 378 2267 rum
403 2234 505 2276 prima
528 2232 740 2265 introducitur
772 2231 902 2264 occasio
926 2231 992 2263 zeli
1022 2231 1270 2269 deordinandi:

307 2288 338 2320 in
364 2287 501 2320 secunda
532 2295 608 2319 vero
638 2285 822 2328 adiungitur
854 2286 1017 2327 correptio
1045 2284 1111 2317 zeli
1142 2284 1270 2317 inordi-

306 2340 395 2378 nati,
422 2349 476 2382 per
493 2348 588 2382 quam
612 2339 822 2371 informentur
839 2338 877 2371 ad
902 2338 957 2370 zeli
978 2337 1268 2379 aequanimitatem;

307 2397 338 2427 et
363 2394 470 2436 incipit
486 2393 623 2426 secunda
646 2402 720 2434 pars
751 2392 838 2425 ibi⁶z
866 2391 949 2423 Cum
976 2391 1135 2424 vidissent
1158 2396 1270 2424 autem

309 2447 468 2489 discipuli
489 2447 570 2479 eius.

400 2500 538 2533 Occasio
561 2502 666 2532 autem
691 2498 758 2531 zeli
780 2498 1003 2531 deordinandi
1024 2507 1065 2531 ex
1090 2499 1194 2532 tribus
1217 2508 1269 2532 or—

309 2557 376 2587 tum
414 2554 542 2593 habuit,
577 2553 695 2586 scilicet
729 2561 769 2585 ex
806 2552 942 2585 Domini
970 2553 1175 2591 necessitate,
1206 2562 1270 2595 qua

916 273 1109 306 COMMENT.
1135 273 1171 305 IN
1195 272 1433 305 EVANGELIUM
1457 271 1574 304 LUCAE
1599 271 1704 303 c.1x.

1335 359 1470 401 hospitio
1505 359 1683 401 indigebat,
1720 368 1761 392 ex
1797 360 2040 402 discipulorum
2075 360 2294 399 auctoritate,

1335 422 1398 454 qua
1422 412 1592 454 hospitium
1614 413 1835 454 requirebant;
1864 422 1905 445 ex
1930 413 2229 446 Samaritanorum
2245 414 2296 446 in-

1335 464 1562 504 humanitate,
1588 475 1652 507 qua
1676 466 1847 507 hospitium
1871 466 2066 508 denegabant
2079 467 2101 498 ⁷.

1425 520 1476 551 95.
1503 519 1603 560 (Vers.
1630 521 1706 560 at).
1740 519 1844 552 Primo
1877 520 1971 561 igitur
1999 520 2211 553 introducitur
2241 531 2295 554 ne·
2315 528 2415 550 Primum.
2463 513 2465 544 ἶ

1335 572 1469 604 cessitas
1496 572 1644 610 Domini,
1669 581 1732 614 qua
1756 573 1890 615 hospitio
1915 573 2089 615 indigebat,
2120 574 2194 616 quia
2218 577 2295 607 tem-

1335 634 1395 667 pus
1420 625 1680 667 peregrinationis
1695 626 1764 658 eius
1783 626 1969 665 advenerat;
1994 627 2079 669 quod
2095 631 2199 666 notat,
2224 637 2295 660 cum

1335 679 1427 712 dicit:
1455 680 1593 711 Factum
1619 684 1666 712 est
1693 684 1823 719 autem,
1849 680 1929 712 dum.
1953 681 2196 723 complerentur
2227 681 2297 714 dies

1335 733 1553 765 assumtionis
1577 733 1659 772 eius,
1685 733 1714 765 id
1739 737 1803 772 est,
1827 733 1903 765 dum
1927 734 2196 776 appropinquaret
2219 738 2296 767 tem-

1336 796 1396 829 pus
1420 787 1590 829 passionis,
1616 796 1672 830 per
1697 796 1791 829 quam
1816 787 1950 819 debebat
1973 787 2090 820 assumi
2115 788 2145 820 in
2173 788 2296 821 caelum

1336 843 1405 882 post
1422 840 1701 879 resurrectionem;
1720 840 1803 873 unde
1824 840 1964 873 Psalmus
1979 840 2018 873 de
2040 841 2271 874 resurrectione
2283 841 2296 860 ⁸

1336 893 1520 926 inscribitur
1551 907 1565 921 «
1581 893 1619 926 de
1643 893 1836 926 assumtione
1860 893 2015 925 matutina
2034 906 2070 932 »;
2096 894 2217 927 loannis
2243 894 2297 927 de-

1335 947 1415 980 cimo
1439 947 1548 980 tertio:
1579 960 1594 976 «
1619 947 1725 980 Sciens
1756 947 1859 985 Iesus,
1884 947 1959 989 quia
1982 947 2067 981 venit
2092 948 2169 980 hora
2193 961 2208 976 »
2236 951 2295 980 etc.

1335 1019 1378 1024 -—
1393 1001 1475 1032 Dum
1499 1000 1662 1033 adveniret
1685 1000 1837 1042 passionis
1854 1003 1992 1042 tempus,
2018 1001 2206 1041 conveniens
2229 1005 2297 1034 erat

1334 1053 1482 1086 accedere
1498 1053 1537 1086 ad
1555 1053 1689 1095 patiendi
1714 1053 1832 1091 iocum,
1851 1056 1881 1085 et
1905 1052 1974 1085 ideo
1990 1053 2146 1095 adiungit:
2174 1054 2212 1086 Et
2229 1053 2297 1096 ipse

1333 1105 1455 1148 faciem
1478 1116 1579 1138 suam
1609 1105 1778 1148 firmavit,
1804 1110 1839 1137 ut
1871 1106 1932 1138 iret
1958 1106 1992 1138 in
2024 1107 2225 1145 Ierusalem,
2258 1107 2297 1139 ad

1334 1159 1534 1202 patiendum3
1559 1159 1634 1201 quia
1656 1159 1772 1191 dicitur
1796 1159 1878 1191 infra
1893 1159 2013 1192 decimo
2038 1160 2170 1192 terti09:
2200 1173 2216 1189 <x
2232 1160 2297 1193 Non

1334 1214 1431 1255 capit,
1457 1213 1641 1255 Prophetam
1660 1213 1764 1254 perire
1780 1216 1873 1245 extra
1890 1213 2056 1245 Ierusalem
2075 1225 2106 1252 »;
2132 1213 2200 1246 ideo
2222 1213 2297 1246 illuc

1334 1271 1483 1309 tanquam
1507 1267 1545 1299 ad
1570 1267 1674 1299 locum
1698 1266 1889 1299 confusionis
1913 1270 1943 1299 et
1968 1266 2150 1308 improperii
2176 1267 2298 1300 volebat

1333 1321 1491 1354 accedere.
1526 1321 1655 1362 Propter
1687 1320 1772 1362 quod
1803 1320 1962 1362 signanter
1994 1320 2184 1362 praemittit,
2213 1321 2297 1363 quod

1333 1373 1456 1417 faeiem
1471 1373 1640 1416 firmavit,
1665 1373 1783 1406 scilicet
1804 1382 1859 1415 per
1876 1374 2082 1406 constantiam
2106 1378 2137 1406 et
2160 1374 2297 1406 divinam

1336 1428 1530 1470 patientiam,
1548 1427 1721 1460 secundum
1734 1427 1811 1459 illud
1826 1427 1994 1459 Ezechielis
2011 1427 2103 1459 tertio
2114 1427 2153 1459 ¹⁰:
2176 1440 2191 1456 «
2206 1427 2296 1466 Ecce,

1334 1481 1403 1514 dedi
1421 1481 1531 1514 faciem
1549 1484 1634 1513 tuam
1655 1480 1859 1513 valentiorem
1877 1480 2015 1513 faciebus
2032 1490 2142 1513 eorum
2165 1484 2196 1513 et
2212 1481 2297 1513 fron-

1335 1538 1397 1567 tem
1421 1538 1508 1567 tuam
1529 1534 1690 1567 duriorem
1712 1534 1869 1567 frontibus
1890 1543 2015 1573 eorum,
2040 1538 2071 1567 et
2090 1538 2127 1567 ut
2150 1535 2297 1567 adaman-

1335 1591 1397 1621 tem
1424 1593 1455 1621 et
1484 1592 1519 1620 ut
1543 1588 1661 1620 silicem
1691 1588 1759 1620 dedi
1790 1588 1900 1620 faciem
1926 1592 2011 1620 tuam
2034 1602 2063 1620 ».
2098 1588 2177 1621 Vere
2206 1588 2298 1621 firma

1334 1645 1403 1674 erat
1425 1642 1534 1679 facies,
1558 1651 1640 1683 quae
1656 1651 1717 1673 non
1742 1642 1843 1674 solum
1861 1651 1923 1673 non
1948 1641 2041 1684 fugit,
2066 1641 2120 1675 sed
2144 1642 2238 1675 etiam
2259 1642 2297 1675 ad

1335 1695 1446 1727 mortis
1469 1695 1676 1736 opprobrium
1700 1704 1761 1726 non
1787 1694 1939 1727 concussa
1962 1696 2110 1734 accessit,
2140 1696 2182 1728 ita
2213 1696 2297 1738 quod

1335 1748 1514 1791 oportebat,
1544 1757 1616 1780 eum
1650 1757 1706 1790 per
1732 1752 1848 1780 terram
1873 1749 2119 1790 alienigenarum
2144 1750 2297 1788 transire,

1334 1803 1426 1835 iuxta
1462 1801 1539 1834 illud
1574 1801 1658 1843 quod
1693 1801 1809 1834 dicitur
1846 1801 1928 1834 infra
1950 1801 2071 1834 decimo
2104 1802 2296 1844 septim011:

1340 1869 1354 1885 (ι
1372 1856 1453 1888 Dum
1485 1856 1546 1888 iret
1570 1855 1655 1888 lesus
1686 1855 1718 1887 in
1752 1855 1938 1893 ierusalem,
1963 1855 2115 1888 transibat
2146 1864 2202 1897 per
2234 1865 2298 1889 me-

1332 1910 1416 1942 diam
1437 1909 1608 1942 Samariam
1634 1912 1664 1942 et
1684 1908 1851 1941 Galilaeam
1864 1922 1895 1940 ».
1914 1909 1949 1953 Et
1971 1908 2013 1941 ita
2028 1909 2207 1950 oportebat,
2224 1918 2296 1942 eum

1333 1964 1512 1997 mendicare
1535 1963 1636 1996 aliena
1660 1963 1812 2005 hospitia,
1842 1962 1933 1995 iuxta
1956 1962 2034 1995 illud
2067 1963 2214 1996 Ieremiae
2244 1963 2298 1997 de—

1334 2018 1415 2051 cimo
1438 2021 1570 2060 quarto:
1601 2030 1617 2046 «
1640 2017 1745 2058 Quare
1773 2016 1861 2058 quasi
1887 2016 2017 2049 colonus
2044 2017 2173 2050 futurus
2201 2022 2239 2050 es⁴
2266 2017 2296 2050 in

1334 2075 1420 2113 terra
1443 2075 1474 2104 et
1498 2071 1579 2104 sicut
1602 2071 1703 2103 viator
1727 2070 1886 2103 declinans
1909 2069 1948 2102 ad
1972 2070 2162 2103 manendum
2177 2074 2219 2103 »Ἰ

1424 2125 1475 2157 96.
1509 2125 1610 2165 (Vers.
1645 2124 1721 2160 52).
1759 2123 1901 2156 Secundo
1936 2123 2118 2166 adiungitur
2149 2125 2297 2157 auctori-

1334 2183 1386 2211 tas
1409 2177 1668 2220 discipulorum,
1693 2186 1757 2220 qua
1781 2171 1951 2219 hospitium
1981 2177 2200 2219 requirebant,
2224 2187 2296 2211 cum

1333 2232 1393 2265 ait:
1421 2233 1460 2264 Et
1486 2231 1578 2264 misit
1603 2231 1739 2264 nuntios
1766 2235 1842 2263 ante
1865 2235 2073 2272 conspectum
2100 2241 2212 2264 suam.
2237 2232 2296 2265 De-

1334 2289 1383 2318 cet
1406 2285 1489 2318 enim
1509 2293 1658 2327 magnum
1674 2284 1843 2317 Dominum
1866 2284 1983 2316 habere
1999 2284 2127 2317 nuntios
2147 2294 2297 2327 praecur-

1332 2347 1438 2376 sores,
1467 2338 1558 2370 iuxta
1577 2338 1661 2380 quod
1680 2337 1796 2370 dicitur
1813 2337 1981 2370 Malachiae
1999 2337 2091 2370 tertio
2104 2338 2144 2370 ¹2:
2171 2351 2187 2367 α
2205 2339 2295 2378 Ecce,

1334 2401 1392 2434 ego
1415 2391 1506 2424 mitto
1530 2391 1680 2433 Angelum
1709 2400 1815 2424 meum
1834 2405 1865 2430 »,
1890 2391 1919 2424 id
1944 2395 1991 2424 est
2019 2392 2181 2431 nuntium,
2209 2405 2225 2420 «
2240 2392 2294 2434 qui

1335 2444 1535 2487 praeparabit
1558 2444 1640 2477 viam
1663 2448 1736 2477 ante
1759 2445 1868 2478 faciem
1894 2449 1981 2478 tuam
1999 2459 2028 2477 n.
2062 2446 2111 2478 Sic
2135 2446 2228 2479 etiam
2253 2446 2296 2478 le-

1334 2498 1438 2541 gimus
1472 2498 1511 2531 de
1545 2498 1635 2530 Iacob
1666 2498 1793 2531 Genesis
1825 2499 1985 2540 trigesimo
2017 2499 2175 2538 secundo,
2211 2500 2296 2542 quod

1338 2551 1454 2584 «misit
1478 2551 1606 2584 nuntios
1637 2555 1709 2584 ante
1738 2560 1771 2583 se
1796 2565 1825 2583 n.
1854 2570 1898 2575 —
1926 2552 1961 2584 Et
1985 2553 2060 2594 quia
2087 2553 2161 2585 boni
2193 2552 2294 2585 nuntii

378 2693 385 2707 ¹
408 2693 480 2718 Vers.
506 2694 547 2725 11,
568 2696 627 2724 post
645 2699 724 2725 quem
740 2693 800 2717 Phil.
823 2694 851 2724 2,
865 2693 907 2717 21.
928 2696 953 2718 et
972 2694 1013 2718 22.
1029 2707 1064 2711 -
1077 2694 1203 2725 Superius
1222 2700 1266 2718 vo-

306 2737 381 2763 cibus
401 2737 473 2771 qaod
491 2737 545 2763 tria
564 2737 622 2762 Vat.
642 2737 770 2763 interserit
789 2736 817 2762 in
837 2736 965 2763 Ecclesia.
1048 2730 1051 2733 ⁵

377 2780 387 2795 ²
408 2782 482 2807 Vers.
503 2782 543 2807 13.
558 2795 593 2801 -
606 2781 733 2813 Superius
746 2782 803 2807 loco
815 2788 867 2814 pro
886 2781 1025 2808 commodo
1039 2782 1057 2806 A
1072 2781 1114 2807 vel
1127 2780 1267 2808 commodo

302 2825 429 2859 proprio,
455 2826 474 2851 C
485 2826 535 2851 DG
556 2825 708 2857 commodo,
733 2826 753 2851 H
772 2832 823 2859 pro
842 2825 935 2859 aliquo
949 2825 1093 2859 temporati
1111 2825 1266 2857 commodo,

306 2870 325 2895 B
344 2870 406 2901 legit
424 2876 530 2904 quoquo
550 2868 629 2896 modo
651 2869 820 2903 praedicent,
847 2871 938 2896 tamen
958 2869 1122 2903 praedicant
1145 2876 1210 2895 vera
1231 2869 1266 2903 [H

307 2914 350 2939 hic
369 2914 442 2939 addit
460 2915 484 2940 et
502 2913 635 2947 honesta]

377 2956 388 2971 ⁸
409 2959 481 2983 Vers.
503 2959 550 2989 12,
569 2959 611 2983 cui
630 2958 799 2990 subiungitur
819 2959 874 2984 Act.
894 2960 942 2989 20,
964 2960 1006 2984 29.

377 3001 388 3016 ⁴
408 3003 480 3028 Vers.
502 3003 544 3027 ³0.
567 3017 601 3022 —
623 3003 741 3029 Subinde
759 3004 904 3035 allegantur
924 3004 999 3029 Marc.
1020 3004 1049 3035 9,
1069 3004 1116 3035 383
1142 3004 1198 3028 Act.
1220 3003 1267 3034 19,

295 3047 350 3072 ’13.
369 3050 394 3071 et
414 3046 456 3071 15.
475 3053 543 3079 seq.;
564 3048 610 3071 cfr.
629 3053 709 3078 supra
730 3054 790 3078 pag.
811 3048 876 3079 202,
897 3050 956 3072 nota
976 3047 1000 3072 7.
1021 3047 1045 3072 in
1064 3047 1123 3072 fine.

377 3089 388 3104 ⁶
406 3090 457 3116 Csr.
486 3097 565 3122 supra
591 3098 615 3116 n.
643 3091 694 3121 85,
720 3091 765 3116 ubi
793 3092 870 3117 etiam
898 3092 1003 3123 ponitur
1030 3090 1268 3125 aequanimitatem

306 3134 370 3166 zeli,
391 3142 438 3166 pro
458 3142 511 3167 quo
531 3135 588 3160 Vat.
608 3135 649 3160 hic
669 3138 694 3160 et
713 3135 820 3161 inferius
839 3135 1000 3169 aequitatem
1019 3135 1079 3162 zeli.

377 3177 389 3192 ⁶
408 3179 481 3204 Vers.
502 3179 544 3204 54.
566 3193 601 3198 —
624 3180 750 3211 Superius
770 3187 817 3211 pro
837 3180 970 3214 correptio
990 3180 1101 3206 ACGH
1122 3180 1266 3213 correctio,

307 3223 378 3256 quod
399 3227 485 3249 tamen
505 3224 569 3249 infra
594 3231 619 3248 n.
640 3224 681 3249 98.
706 3224 790 3249 solum
811 3225 861 3250 Α11
888 3224 1024 3255 exhibent;
1050 3232 1098 3257 pro
1117 3224 1269 3251 inordinati

308 3268 367 3293 Vat.
385 3266 537 3293 deordinati
554 3268 627 3300 (vide
646 3268 710 3293 intra
731 3276 756 3293 n.
776 3268 840 3300 98).

377 3309 387 3325 '¹
408 3311 472 3337 Cod.
492 3312 511 3336 Β
532 3311 645 3338 Domino
664 3314 757 3338 nostro
777 3311 951 3346 deneyabam.

377 3353 388 3368 ⁸
408 3356 500 3381 Psaim.
521 3356 563 3386 21,
584 3356 608 3380 1.
627 3356 755 3387 Vulgata:
776 3357 805 3382 ln
823 3356 904 3390 finem
920 3363 974 3390 pro
993 3357 1159 3391 susceptione
1177 3359 1265 3383 matu-

307 3399 364 3426 tina
384 3399 508 3426 Psalmus
528 3400 621 3426 David.
640 3401 736 3426 Auctor
758 3400 904 3426 Comment.
919 3401 944 3426 in
966 3402 1020 3433 Ps.‚
1039 3401 1084 3434 qui
1102 3401 1213 3427 habetur
1231 3402 1266 3427 in-

306 3447 345 3470 ter
363 3451 443 3476 opera
463 3445 561 3477 Bedae,
581 3444 616 3470 ait
635 3445 658 3469 in
679 3446 748 3470 hunc
773 3445 874 3470 iocum:
894 3445 970 3478 Quod
990 3446 1027 3471 sic
1045 3446 1197 3478 exponitur:
1216 3447 1265 3471 iste

1297 2694 1300 2703 ’
1331 2693 1449 2718 Psalmus
1468 2692 1618 2717 attribuitur
1638 2691 1735 2721 David,
1755 2698 1806 2716 nou
1827 2691 1963 2723 historiali,
1983 2692 2027 2716 sed
2048 2691 2133 2718 David
2152 2692 2179 2717 in
2197 2692 2291 2726 finem,

1332 2736 1358 2761 id
1377 2740 1416 2761 est
1440 2736 1557 2766 Christo,
1576 2736 1601 2761 in
1627 2742 1705 2761 uitem
1727 2736 1798 2760 velut
1817 2735 1841 2760 in
1868 2735 1960 2766 tinem,
1981 2735 2005 2760 id
2029 2739 2068 2760 est
2091 2736 2294 2767 perfectionem,

1332 2780 1419 2805 omnia
1441 2781 1556 2805 tendunt.
1579 2781 1710 2810 Psalmus,
1729 2780 1802 2810 dico,
1822 2779 1908 2805 dictus
1927 2780 1968 2805 vel
1988 2783 2107 2805 cantatus
2122 2779 2160 2805 ab
2174 2780 2231 2812 ipso
2241 2787 2294 2814 pro

1330 2824 1497 2857 susceptione
1516 2824 1651 2851 matutina
1660 2834 1668 2850 .·
1686 2824 1787 2854 liabent
1799 2825 1868 2850 enim
1890 2825 1912 2857 [t
1932 2825 2162 2857 etia1n‚autem?]
2183 2825 2291 2857 quidam

1332 2868 1391 2894 libri
1407 2876 1460 2902 pro
1479 2869 1812 2901 assumtionematutina,
1832 2869 1904 2902 quod
1924 2869 1956 2894 ad
1973 2869 2041 2895 idem
2062 2869 2138 2895 redit.
2155 2869 2293 2903 Susceptio

1331 2918 1420 2940 autem
1441 2915 1482 2940 vel
1502 2914 1633 2941 assumtio
1658 2914 1783 2940 matutina
1804 2914 1899 2939 dicitur
1923 2914 2078 2939 resurrectio
2096 2915 2166 2945 ipsa;
2186 2915 2293 2947 quando

1332 2959 1401 2984 enim
1421 2959 1549 2984 Dominus
1567 2966 1700 2984 assuimus
1720 2962 1757 2984 est
1779 2960 1802 2983 in
1822 2962 1954 2984 aeternam
1975 2959 2056 2983 vitam
2076 2958 2222 2990 suscipiens
2241 2966 2294 2984 car-

1332 3010 1391 3028 nem
1412 3010 1492 3036 quam
1506 3004 1665 3035 deposuerat
1678 3003 1842 3028 mortalem...
1862 3001 1998 3029 Matutina
2017 3006 2081 3027 vero
2100 3005 2210 3027 vocatur
2229 3003 2293 3027 haec

1332 3048 1476 3079 susceptio,
1496 3048 1538 3072 vel
1552 3048 1613 3080 quia
1628 3047 1794 3075 historialiter
1806 3053 1886 3072 mane
1899 3046 1992 3079 prima
2006 3045 2187 3072 sabbatorum
2202 3045 2292 3079 [Marc.

1334 3092 1376 3124 16,
1395 3091 1434 3125 2.]
1455 3093 1519 3117 sacta
1539 3094 1578 3117 est
1596 3094 1644 3117 etc.
1677 3105 1700 3110 -
1719 3090 1836 3116 Subinde
1855 3091 1983 3122 allegatur
2002 3091 2069 3116 ioan.
2096 3091 2139 3121 13,
2161 3091 2183 3116 l.

1403 3134 1414 3149 ⁹
1436 3136 1509 3161 Vers.
1528 3136 1571 3161 33.
1589 3150 1624 3155 -
1643 3136 1733 3161 Glossa
1752 3134 1935 3161 interlinearis
1956 3136 1995 3165 (ex
2017 3135 2111 3167 Boda):
2134 3136 2167 3162 Et
2179 3135 2236 3169 ipse
2254 3135 2292 3169 fa-

1332 3180 1398 3207 ciem
1416 3188 1496 3207 suam
1515 3180 1649 3215 firmavit,
1665 3182 1693 3207 ut
1711 3180 1764 3206 iret
1775 3179 1803 3205 in
1822 3179 1984 3211 Jerusalem,
2007 3180 2136 3206 obstinata
2151 3184 2176 3206 et
2195 3181 2292 3212 imper-

1331 3226 1418 3251 territa
1438 3229 1526 3251 mente
1544 3226 1645 3256 iocum,
1664 3232 1718 3258 quo
1737 3225 1789 3256 pati
1809 3225 1976 3257 decreverat,
1997 3225 2067 3256 petit.

1403 3268 1424 3285 ¹⁰
1445 3270 1519 3295 Vers.
1538 3271 1563 3295 8.
1582 3272 1608 3295 et
1627 3270 1651 3294 9.

1402 3312 1422 3327 ¹¹
1444 3314 1517 3338 Vers.
1545 3314 1592 3343 11,
1612 3313 1653 3338 cui
1673 3313 1841 3345 subiungitur
1861 3314 1908 3339 ier.
1929 3313 1974 3344 14,
1995 3314 2019 3338 8.

1401 3356 1423 3371 ¹⁹
1443 3358 1518 3383 Vers.
1538 3358 1546 3382 1
1559 3378 1565 3389 ,
1586 3356 1631 3382 ubi
1651 3357 1762 3388 Vulgata
1784 3361 1810 3383 et
1830 3358 1887 3383 Vat.
1906 3364 1995 3384 meam
2013 3364 2062 3389 pro
2081 3358 2175 3389 tuam,·
2189 3358 2234 3382 cfr.
2254 3360 2289 3383 ta-

1330 3408 1390 3427 men
1408 3408 1487 3434 supra
1508 3409 1530 3428 c.
1550 3402 1580 3433 7,
1600 3401 1647 3432 27;
1668 3402 1755 3427 Matth.
1785 3402 1823 3432 11,
1844 3402 1886 3428 10.
1909 3405 1934 3427 et
1954 3402 2030 3427 Marc.
2053 3402 2081 3433 1,
2101 3403 2124 3427 2.
2145 3415 2180 3421 -
2199 3402 2288 3435 Sequi-

1330 3448 1371 3471 tur
1390 3446 1454 3471 Gen.
1473 3444 1522 3477 32,
1542 3446 1566 3471 3.

2313 1326 2398 1357 Domini
2411 1333 2455 1349 con·

2330 1356 2408 1384 stantia
2414 1356 2442 1385 'et

2330 1382 2440 1408 pauentia.

2316 2127 2441 2150 Secundum.
