2476 3921
205 1299 292 1320 Divisio.

303 296 369 328 1248

304 386 518 417 commoratur
535 394 569 421 »;
599 394 614 409 «
632 380 714 413 oculi
739 379 807 412 eius
838 378 877 411 de
900 378 991 419 longe
1014 376 1204 418 respiciunt,
1232 377 1264 407 et

304 437 382 480 pulli
406 437 473 470 eius
497 435 640 468 lambunt
663 433 848 476 sanguinem
864 446 880 461 ι»
901 435 958 464 etc.
984 431 1028 464 De
1044 434 1158 462 natura
1174 428 1264 470 aqui-

306 492 353 524 lae
376 491 450 523 dicit
472 488 690 526 Ainbrosius1,
714 486 798 529 quod
821 485 927 528 aquila
950 485 1013 517 alta
1036 483 1130 526 petit,
1159 481 1264 514 humi-

306 545 347 578 iia
369 543 573 585 derelinquit,
590 542 772 583 longaevam
796 540 897 573 fertur
914 538 1032 571 habere
1055 539 1197 569 aetatem.
1216 534 1264 566 Sic

307 597 408 631 Sancti
427 600 496 639 post
519 595 800 632 resurrectionem,
818 592 958 626 renovati
976 590 1014 623 ad
1032 589 1158 622 modum
1175 587 1265 630 aqui-

307 652 369 691 lae,
394 650 566 684 secundum
583 648 661 682 illud
685 647 837 681 Psalmi²:
860 659 875 675 «
892 644 1103 678 Renovabitur
1128 646 1163 675 ut
1179 640 1265 683 aqui-

1295 507 1299 677 Ι

869 288 1063 322 COMMENT.
1089 287 1126 320 IN
1151 285 1390 319 EVANGELIUM
1414 282 1531 316 LUCAE
1556 282 1587 314 C.
1613 281 1713 314 XVIII.

1328 373 1375 405 lae
1399 372 1548 405 iuventus
1564 374 1618 403 tua
1634 383 1666 409 »,
1691 373 1722 402 et
1738 378 1866 402 sursum
1886 368 2012 402 tendent
2028 370 2059 401 et
2074 376 2199 409 semper
2215 375 2288 400 cum

1327 426 1460 459 Domino
1483 425 1607 463 vivent,
1632 423 1806 457 secundum
1839 422 1916 455 illud
1940 422 2061 465 primae
2089 421 2128 454 ad
2156 421 2289 454 Thessa-

1328 476 1501 512 lonieenses
1524 481 1656 520 quarto:
1686 490 1701 506 «
1720 476 1837 510 Deinde
1860 485 1932 515 nos,
1957 476 2011 518 qui
2044 475 2201 514 vivimus,
2233 474 2287 517 qui

1329 532 1556 574 relinquimur,
1588 530 1683 564 simul
1706 530 1868 572 rapiemur
1898 538 1971 563 cum
1995 529 2057 562 illis
2087 529 2119 561 in
2151 528 2290 561 nubibus

1329 586 1452 619 obviam
1476 584 1601 617 Christo
1624 584 1656 616 in
1680 585 1771 623 aera,
1795 586 1827 616 et
1849 583 1894 616 sic
1917 592 2041 625 semper
2062 591 2134 616 cum
2159 582 2291 615 Domino

1329 648 1448 672 erimus
1465 652 1495 670 n.

1146 748 1330 780 Capuanum
1359 745 1459 778 XVIII.

449 863 483 890 De
500 861 666 897 persuasione
684 858 865 887 studiositatis
884 856 1040 884 exhibentur
1059 856 1116 882 duo.

404 973 430 1003 1.
460 969 589 1003 Dicebat
620 971 730 1000 autem
761 970 789 998 et
809 965 1010 1008 parabolam
1040 963 1086 995 ad
1109 962 1182 995 illos
1206 964 1265 994 etc.

310 1026 381 1058 Post
404 1012 645 1057 confutationem
678 1019 818 1052 Iudaicae
842 1016 1031 1050 curiositatis
1062 1016 1092 1048 in
1118 1023 1266 1057 perscru-

311 1078 404 1111 tando
427 1077 535 1109 futura
559 1073 705 1107 subditur
728 1072 779 1104 hic
792 1070 969 1114 persuasio
992 1067 1214 1102 studiositatis
1234 1066 1266 1099 in

311 1129 496 1174 postulando
518 1128 623 1161 divina
646 1126 793 1168 suffragia
806 1125 828 1156 ³.
853 1124 889 1156 Et
912 1123 1059 1166 quoniam
1083 1121 1184 1154 oratio
1200 1123 1267 1153 stu-

311 1185 397 1217 diosa
420 1187 467 1216 est
490 1182 589 1215 oratio
606 1181 669 1213 Deo
690 1179 820 1221 placita,
843 1178 874 1210 in
892 1187 956 1220 qua
979 1176 1074 1209 simul
1090 1179 1137 1208 est
1161 1174 1267 1207 fervor

312 1236 481 1270 affectionis
511 1238 542 1268 et
574 1233 733 1266 humilitas
765 1230 985 1273 reputationis;
1010 1229 1080 1262 ideo
1102 1237 1177 1270 pars
1209 1227 1268 1260 ista

312 1291 406 1323 habet
428 1289 523 1322 duas:
551 1287 583 1320 in
615 1295 750 1329 quarum
784 1285 887 1327 prima
910 1283 1057 1325 exemplo
1090 1281 1268 1324 parabolico

312 1344 432 1377 inducit
454 1342 491 1375 ad
516 1340 678 1374 orationis
702 1338 918 1375 instantiam;
942 1337 972 1369 in
1005 1335 1143 1369 secunda
1173 1344 1267 1374 vero,

313 1397 349 1430 ad
382 1395 544 1429 orationis
574 1392 806 1430 reverentiam,
839 1391 880 1423 ibi
898 1391 929 1422 ⁴¹:
957 1389 1048 1422 Dixit
1079 1392 1191 1421 autem
1222 1388 1269 1420 ad

313 1450 475 1493 quosdam
498 1451 556 1481 etc.

403 1502 444 1534 Ad
468 1500 630 1534 emtionis
653 1499 749 1541 igitur
773 1496 969 1530 instantiam
995 1499 1099 1528 movet
1126 1495 1270 1527 introdu-

150 1564 184 1585 Λᾶ
198 1564 300 1588 orationis
314 1556 411 1589 cendo
442 1554 621 1597 parabolam
653 1552 691 1585 de
715 1551 822 1584 iudice
853 1554 882 1583 et
911 1550 1040 1587 viauia,-
1071 1549 1155 1581 circa
1178 1548 1270 1581 cuius

164 1591 286 1611 instantiam

152 1619 221 1638 movet
236 1623 296 1644 para-

180 1644 235 1667 bota,
251 1642 278 1673 de

178 1676 219 1696 qna
234 1672 282 1691 tria.

194 1881 295 1902 Primum.

166 1935 296 1956 Notandum.

313 1608 552 1649 descriptionem
573 1606 675 1648 primo
695 1603 906 1637 introducitur
924 1602 1011 1635 ratio
1033 1601 1199 1644 parabolae
1223 1601 1270 1633 in-

314 1660 538 1697 troducendae;
562 1657 699 1691 secundo
719 1656 845 1689 additur
861 1655 1061 1688 introductio
1085 1655 1193 1697 ipsius
1206 1664 1270 1696 pa-

316 1713 468 1752 rabolae,
500 1712 540 1745 ibi
558 1712 585 1743 ⁵:
611 1710 715 1744 Iudex
746 1709 885 1753 quidam
915 1712 1007 1747 erat;
1040 1703 1134 1741 tertio
1164 1708 1271 1741 subdit

316 1766 513 1808 aptationem
539 1764 764 1808 introductae,
789 1763 846 1795 ibi:
870 1762 928 1794 Ait
952 1766 1063 1794 autem
1096 1761 1269 1794 Dominus.

404 1821 433 1852 2.
459 1818 559 1860 (Vers.
580 1818 632 1857 1.).
650 1816 753 1849 Primo
768 1816 865 1858 igitur
881 1819 1035 1858 quantum
1051 1815 1090 1848 ad
1107 1815 1272 1848 rationem

315 1872 547 1906 introducendi
557 1870 758 1914 parabolani
781 1870 869 1903 dicit:
889 1869 1023 1902 Dicebat
1044 1873 1156 1902 autem
1172 1873 1202 1902 et
1212 1879 1273 1912 pa-

316 1925 465 1959 rabolam
495 1925 542 1957 ud
564 1924 644 1957 illos.
673 1923 848 1956 Notandum
873 1925 921 1956 est
940 1926 1060 1961 autem,
1088 1922 1174 1965 quod
1194 1922 1272 1955 haec

316 1979 464 2022 parabola
487 1987 549 2011 non
573 1980 621 2010 est
643 1976 843 2019 intelligenda
865 1985 922 2018 per
939 1976 1156 2018 metaphoram
1179 1975 1273 2008 sinzi-

316 2032 482 2071 litudiniS,
507 2031 581 2074 quia
605 2030 701 2064 iudex
726 2030 860 2063 civitatis
882 2030 970 2063 nullo
994 2029 1085 2062 modo
1109 2030 1172 2062 Deo
1195 2029 1272 2062 assi-

314 2087 500 2125 milabatur,
524 2085 578 2128 qui
603 2084 761 2127 rogandus
785 2084 874 2123 est⁶;
899 2084 952 2117 sed
976 2084 1081 2126 potius
1097 2092 1154 2125 per
1174 2083 1272 2116 dissi-

314 2139 534 2172 militudinem
557 2141 589 2172 et
611 2147 668 2180 per
692 2137 888 2170 contrarium
917 2136 1117 2178 intelligenda
1139 2138 1204 2174 est,
1236 2139 1273 2168 ut

314 2193 404 2235 quasi
421 2202 443 2225 a
458 2191 585 2225 minori
599 2191 750 2224 Dominus
766 2189 958 2223 manuducat
972 2189 1010 2222 ad
1027 2189 1273 2231 cognoscendam

315 2246 483 2282 efficaciam
507 2244 674 2283 orationis;
699 2243 782 2276 unde
806 2243 857 2276 hic
880 2252 943 2275 non
966 2245 1169 2284 comparatur
1202 2251 1273 2284 per-

316 2309 392 2333 sona
419 2307 585 2340 personae,
621 2297 674 2330 sed
709 2296 869 2339 negotium
893 2295 1025 2338 negotio.
1062 2295 1097 2328 Et
1132 2295 1191 2328 hoc
1226 2298 1274 2328 est

316 2353 400 2395 quod
424 2351 503 2384 Beda
525 2351 600 2384 dicit
623 2351 654 2383 in
678 2350 828 2383 Glossa⁷:
858 2362 873 2377 a
890 2349 984 2388 Nota,
1009 2349 1094 2391 quod
1121 2348 1274 2381 Dominus

316 2405 479 2447 parabolas
503 2404 590 2445 ponit
620 2403 669 2435 vel
701 2402 874 2435 secundum
899 2401 1151 2440 similitudinem,
1175 2405 1212 2434 ut
1235 2401 1274 2434 de

315 2457 460 2496 homine,
484 2456 539 2498 qui
570 2456 681 2488 habuit
703 2455 783 2488 duos
806 2455 904 2499 filios,
937 2454 991 2496 qui
1023 2463 1189 2496 personam
1219 2454 1274 2487 Dei

389 2617 397 2631 ¹
418 2616 488 2648 Libr.
508 2616 570 2642 VIII.
589 2616 613 2641 in
633 2617 695 2641 Luc.
720 2623 742 2641 c.
763 2615 804 2640 117.
824 2623 850 2641 n.
869 2615 916 2640 55:
931 2615 1059 2641 Iustorum
1080 2615 1148 2641 enim
1169 2615 1272 2641 animae

319 2660 412 2694 aquilis
430 2663 629 2692 comparantur,
654 2659 727 2692 quod
745 2659 793 2698 alta
819 2662 922 2691 petant,
946 2659 1050 2685 humilia
1076 2660 1273 2693 derelinquant,

319 2706 474 2737 longaevam
494 2704 591 2730 ducere
611 2705 723 2729 terantur
736 2707 855 2729 aetatem.
870 2704 944 2730 Unde
957 2707 982 2729 ot
996 2704 1079 2730 David
1093 2704 1196 2730 animae
1211 2711 1275 2730 suae

319 2750 381 2775 dicit
400 2749 453 2782 [ΡΒ.
482 2749 544 2779 102,
564 2748 614 2782 5.];
641 2747 818 2774 Renorabitur
843 2748 912 2775 sicut
936 2747 1044 2782 aquilae
1069 2748 1193 2775 iuventus
1217 2749 1274 2775 tua.

318 2794 369 2820 Csr.
390 2794 506 2824 Aristot„
526 2793 569 2818 tx.
589 2793 682 2818 IIIStor.
701 2793 806 2818 animal.
819 2800 841 2818 c.
862 2793 908 2825 32,
923 2792 968 2818 ubi
988 2793 1053 2819 inter
1066 2793 1115 2819 alia
1135 2793 1210 2819 dicit:
1226 2793 1274 2819 Vo-

319 2839 371 2864 lant
392 2836 518 2871 [aquilae]
538 2837 677 2868 sublimes,
696 2840 724 2863 ut
743 2844 871 2870 perquam
892 2837 1004 2863 maxime
1024 2837 1114 2869 procul
1134 2836 1274 2869 aspiciant;

318 2886 478 2916 quapropter
497 2882 615 2908 homines
640 2883 721 2907 solum
742 2882 830 2907 avium
856 2882 975 2908 omnium
995 2882 1119 2915 aquilam.
1134 2888 1192 2907 esse
1211 2881 1276 2907 divi·

318 2935 378 2953 nam
398 2925 543 2959 perhibent.

389 2971 399 2986 ²
419 2972 512 2997 psalm.
533 2972 596 3002 t02,
615 2971 639 2997 5.
659 2974 684 2997 et
707 2971 801 2997 deinde
821 2971 838 2997 1.
865 2972 956 2997 Thess.
978 2971 1005 3003 4,
1030 2971 1073 3004 17,
1101 2970 1144 2997 ubi
1170 2978 1218 3003 pro
1237 2977 1276 2997 re-

318 3015 468 3049 linquimur
487 3015 506 3041 C
518 3016 568 3041 DG
587 3014 690 3041 residui
706 3022 815 3047 snmus,
835 3015 907 3048 quod
928 3016 1040 3042 occurrit
1059 3023 1086 3041 v.
1107 3015 1149 3041 44.
1169 3029 1204 3035 -
1222 3015 1274 3041 Ct'r.

318 3059 437 3091 Origen„
457 3060 483 3085 in
503 3060 590 3085 Mutth.
608 3058 784 3085 Commentar.
793 3060 877 3085 series
896 3059 994 3092 (Matth.
1014 3060 1062 3091 24,
1076 3059 1139 3092 23),
1152 3067 1178 3088 n.
1193 3059 1234 3085 47.
1250 3059 1276 3084 in

319 3104 385 3136 ssne;
405 3103 496 3133 Hilar.‚
515 3103 660 3129 Comment.
681 3103 705 3128 in
725 3103 811 3129 Matth.
831 3110 853 3128 c.
873 3104 917 3129 25.
935 3111 959 3129 n.
980 3105 1010 3136 8;
1033 3103 1169 3134 Ambros,
1189 3104 1215 3128 in
1236 3103 1275 3128 Ps.

320 3147 367 3179 48,
389 3147 429 3172 47.
448 3154 474 3172 n.
493 3148 541 3178 233
561 3148 577 3172 I.
597 3147 630 3173 de
650 3147 764 3173 Sacram.
784 3154 807 3173 c.
827 3149 852 3173 2.
870 3155 898 3174 n.
911 3149 935 3174 6.
949 3155 1004 3181 seq.
1023 3151 1049 3174 et
1068 3149 1109 3174 IV.
1130 3155 1153 3174 c.
1166 3149 1191 3173 2.
1209 3155 1236 3173 n.
1249 3147 1275 3172 7.

390 3190 400 3205 ³
420 3191 470 3217 Cir.
490 3198 570 3223 supra
589 3198 612 3217 c.
636 3191 674 3216 17.
695 3199 719 3217 n.
734 3192 776 3217 35.

388 3234 399 3249 ⁴
420 3235 493 3261 Vers.
513 3236 542 3266 9,
562 3234 607 3261 ubi
631 3235 741 3267 Vulgata
767 3238 826 3267 post
845 3235 922 3263 Discit
938 3237 1029 3262 autem
1048 3236 1121 3262 addit
1139 3237 1178 3268 εἰ,
1205 3233 1274 3260 idem

318 3280 429 3305 recurrit
448 3280 512 3305 inira
531 3287 556 3305 n.
577 3280 619 3305 43.
638 3283 664 3305 et
684 3279 726 3305 44.

390 3323 400 3337 ⁶
420 3324 492 3349 Vers.
513 3325 543 3355 2,
562 3323 607 3349 ubi
628 3323 752 3355 Vulgata:
765 3323 876 3350 Dicens:
897 3323 982 3350 ludece
1000 3323 1147 3355 etc.;idem
1167 3322 1278 3349 recurrit

319 3368 382 3392 intra
402 3375 426 3393 n.
448 3367 473 3393 4.
492 3368 562 3399 (Vat.
590 3369 657 3393 hanc
676 3372 776 3400 partem
796 3368 919 3401 omittit);
940 3369 1012 3394 tertia
1033 3368 1144 3393 habetur
1163 3375 1189 3393 v.
1203 3367 1228 3392 6.
1242 3380 1277 3386 —

319 3411 446 3442 Superius
466 3419 514 3443 pro
532 3413 619 3438 movet
637 3411 719 3438 CDu
738 3414 836 3439 monet.

391 3454 402 3469 ⁶
422 3456 479 3481 vat.
499 3455 546 3489 qui
562 3463 617 3482 non
636 3457 674 3482 est
693 3455 848 3482 imitandus.

1330 852 1428 894 gerit;
1453 851 1503 884 vel
1535 850 1708 884 secundum
1733 850 2033 889 dissimilitudinem,
2058 853 2094 883 ut
2117 850 2156 883 de
2184 849 2294 893 iniquo

1330 905 1448 944 iudice,
1472 904 1527 947 qui
1552 913 1718 946 personam
1743 904 1798 937 Dei
1823 904 2004 937 nullatenus
2028 906 2159 937 tenet».
2183 923 2224 927 -
2245 904 2294 939 In-

1330 958 1469 991 troducit
1491 967 1567 1000 ergo
1584 958 1665 991 hanc
1688 957 1870 1000 parabolam
1894 957 1933 990 ad
1956 956 2206 1000 persuadendam
2223 966 2294 1001 ora-

1333 1012 1425 1045 tionis
1460 1011 1662 1050 instantiam;
1699 1013 1829 1053 propter
1863 1010 1949 1054 quod
1983 1010 2089 1043 addit:
2127 1010 2294 1052 Quoniam

1331 1069 1456 1108 oportet
1479 1075 1580 1098 orare
1610 1075 1737 1108 semper
1761 1069 1791 1097 et
1821 1075 1888 1098 non
1910 1064 2067 1107 dcfioere:
2094 1065 2178 1107 quod
2201 1064 2295 1098 debet

1304 1152 1306 1154 ,
1331 1118 1481 1161 intelligi,
1505 1121 1542 1151 ut
1568 1128 1696 1161 semper
1727 1128 1790 1151 non
1813 1118 1984 1151 distribuat
2007 1127 2065 1160 pro
2095 1118 2182 1151 omni
2205 1121 2295 1160 parte

1332 1172 1501 1215 temporis,
1526 1172 1581 1205 sed
1605 1181 1663 1214 pro
1687 1172 1776 1204 horis
1791 1171 1935 1211 statutis,
1960 1171 2052 1204 iuxta
2075 1171 2160 1220 quod
2183 1180 2296 1205 secun-

1331 1227 1407 1259 dum
1432 1226 1660 1259 institutionem
1685 1225 1901 1268 propheticam
1920 1225 2040 1258 dicitur
2064 1225 2096 1258 in
2127 1225 2248 1258 Psalmo
2264 1224 2295 1257 ⁸:

2309 909 2382 931 Oratio
2392 911 2452 932 eonti-

2322 942 2365 957 nua
2379 937 2442 964 expli-

2350 965 2416 985 catur.

1338 1293 1354 1308 «
1371 1279 1491 1325 Septies
1513 1279 1545 1311 in
1569 1278 1620 1311 die
1643 1278 1768 1311 laudem
1792 1278 1906 1311 dixi».
1932 1278 1968 1310 Et
1986 1278 2071 1311 hunc
2095 1277 2224 1311 niodum
2241 1277 2297 1311 ob·
2332 1309 2336 1311 .

1333 1336 1439 1366 servat
1471 1333 1623 1372 Ecclesia;
1656 1332 1740 1365 unde
1771 1332 1897 1365 Glossa:
1926 1344 1942 1360 α
1966 1332 2111 1374 Semper,
2139 1331 2297 1365 canonicis

1333 1386 1421 1419 horis
1444 1386 1584 1428 quotidie
1607 1385 1782 1419 secundum
1807 1394 1926 1418 morem
1953 1385 2105 1419 Ecclesiae
2121 1399 2152 1418 ».
2174 1404 2218 1417 -,-
2240 1386 2297 1419 Vel

1333 1449 1461 1482 semper
1485 1449 1585 1472 orare
1611 1439 1660 1472 hic
1683 1438 1884 1481 intelligitur,
1909 1441 1946 1471 ut
1972 1438 2073 1471 oratio
2097 1447 2223 1481 semper
2246 1439 2297 1472 vel

1334 1493 1374 1526 sit
1396 1493 1427 1525 in
1460 1502 1516 1525 ore
1539 1502 1595 1535 per
1627 1492 1886 1534 postulationem,
1910 1492 1961 1525 vel
1992 1491 2032 1525 sit
2055 1491 2086 1524 in
2111 1492 2209 1525 corde
2238 1501 2297 1535 per

1333 1546 1543 1585 desiderium,
1575 1546 1625 1579 vel
1657 1545 1697 1578 sit
1727 1545 1757 1578 in
1794 1555 1890 1588 opere
1920 1554 1978 1588 per
2013 1545 2295 1588 praeparationem.

1334 1599 1393 1640 Qui
1419 1599 1501 1632 enim
1526 1599 1608 1632 bona
1624 1598 1688 1641 agit
1710 1598 1749 1631 ad
1776 1598 1834 1631 hoc
1857 1607 1891 1631 se
1906 1598 2118 1641 disponit,*ut
2142 1598 2211 1631 eius
2226 1607 2297 1631 ora-

1334 1653 1377 1686 tio
1400 1653 1512 1686 debeat
1534 1652 1658 1691 audiri;
1683 1655 1715 1684 et
1737 1651 1911 1684 secundum
1944 1651 2003 1684 hoc
2031 1651 2148 1684 dicitur
2176 1651 2299 1694 primae

1334 1706 1373 1739 ad
1407 1705 1699 1739 Thessalonicenses
1730 1704 1888 1747 quinto⁰:
1922 1717 1938 1733 «
1958 1704 2029 1737 Sine
2065 1704 2298 1737 intermissione

1335 1762 1423 1792 orate
1438 1770 1475 1798 »;
1492 1758 1534 1791 ibi
1558 1758 1680 1791 Glossa:
1703 1770 1718 1786 α
1733 1758 1862 1799 Semper
1885 1760 1955 1790 orat
1979 1757 2034 1799 qui
2062 1765 2187 1799 semper
2218 1757 2298 1790 bene

1335 1812 1413 1854 agit;
1437 1811 1541 1854 ipsum
1570 1811 1653 1844 enim
1682 1810 1873 1844 desiderium
1897 1810 2016 1843 bonum
2045 1810 2146 1843 oratio
2169 1813 2216 1843 est
2226 1822 2234 1850 ;
2266 1814 2299 1843 et

1337 1865 1361 1898 si
1386 1865 1573 1898 continuum
1596 1867 1644 1897 est
1666 1863 1876 1902 desiderium,
1900 1863 2050 1896 continua
2077 1866 2124 1896 est
2147 1863 2247 1896 oratio
2264 1876 2294 1896 n.

1338 1919 1373 1951 Et
1389 1919 1449 1951 hoc
1465 1920 1513 1951 est
1536 1917 1621 1960 quod
1638 1917 1689 1950 hic
1710 1917 1785 1950 dicit
1801 1916 1882 1950 Beda
1898 1916 1929 1949 in
1945 1916 2053 1950 Glossa
2066 1917 2111 1949 1⁰:
2137 1929 2152 1946 «
2170 1917 2298 1959 Semper

1336 1975 1406 2005 orat
1429 1972 1484 2015 qui
1509 1980 1634 2014 semper
1665 1971 1729 2013 agit
1756 1971 1855 2011 bona,
1880 1979 1938 2004 nec
1961 1969 2075 2003 desinit
2098 1980 2208 2010 orare,
2239 1971 2298 2004 nisi

1337 2035 1408 2073 cum
1440 2025 1555 2059 desinit
1585 2025 1689 2058 iustus
1716 2034 1784 2058 esse
1800 2036 1832 2064 ”3
1857 2024 1926 2057 ideo
1950 2025 2156 2058 Ecclesiastici
2180 2025 2301 2059 decimo

1336 2082 1467 2112 octavo:
1498 2079 1595 2111 «Non
1619 2078 1801 2120 impediaris
1823 2087 1916 2111 orare
1940 2087 2082 2120 semper,
2107 2082 2138 2112 et
2161 2088 2223 2112 non
2246 2088 2300 2113 ve-

1337 2133 1414 2167 teris
1430 2141 1533 2175 usque
1549 2132 1588 2165 ad
1604 2134 1738 2165 mortem
1756 2131 1919 2165 iustificari
1937 2144 1968 2171 ¹³3
1986 2135 2017 2165 et
2032 2132 2184 2175 vigesimo
2199 2142 2300 2166 nono:

1343 2200 1358 2216 «
1374 2185 1532 2219 Conclude
1555 2186 1785 2227 eleemosynam
1817 2185 1849 2217 in
1881 2185 1953 2218 sinu
1984 2185 2152 2228 pauperis,
2179 2189 2211 2219 et
2232 2186 2301 2228 ipsa

1337 2240 1441 2273 orabit
1464 2249 1522 2282 pro
1546 2242 1577 2272 te
1593 2252 1608 2268 2>
1638 2242 1697 2272 etc.
1722 2239 1784 2272 Hoc
1800 2242 1906 2272 autem
1924 2239 2111 2281 intelligitur
2127 2239 2166 2273 de
2181 2249 2301 2282 oppor—

1339 2294 1478 2326 tunitate
1502 2292 1712 2325 necessitatis.
1739 2292 1768 2325 Si
1793 2295 1899 2325 autem
1917 2292 2112 2334 intelligatur
2126 2292 2165 2326 de
2181 2302 2302 2335 oppor-

1338 2347 1478 2386 tunitate
1510 2346 1750 2389 conyruz'tatis,
1783 2349 1859 2379 tunc
1883 2348 2008 2388 oportet
2029 2355 2157 2388 semper
2180 2356 2299 2386 orare,

1338 2400 1369 2433 id
1393 2404 1441 2434 est
1468 2398 1724 2443 frequentissime
1754 2402 1786 2432 et
1816 2399 2041 2433 instantissime
2064 2399 2103 2433 ad
2126 2400 2301 2433 orationem

1339 2462 1516 2486 recurrere.
1549 2452 1635 2486 Unde
1667 2452 1875 2495 Hieronymus
1888 2453 1937 2485 ¹¹:
1968 2466 1983 2482 ιι
2006 2453 2168 2495 Frequens
2199 2452 2301 2486 oratio

1407 2614 1417 2629 ⁷
1438 2615 1541 2640 Scilicet
1559 2613 1701 2641 ordinaria
1720 2614 1792 2646 apud
1809 2614 1941 2645 Lyranum
1962 2614 1986 2639 in
2002 2615 2063 2639 Luc.
2078 2614 2125 2645 ts,
2148 2615 2178 2646 2,
2200 2613 2300 2646 quise·

1337 2659 1425 2692 quitur
1444 2660 1571 2691 August,
1592 2658 1618 2684 ll.
1639 2659 1687 2690 Qq.
1701 2657 1865 2689 Evangelior.
1885 2665 1911 2690 q.
1925 2657 1967 2683 45.
1986 2665 2011 2683 n.
2034 2657 2057 2682 4.
2076 2656 2181 2687 Cicero,
2202 2658 2219 2683 l.
2233 2658 2300 2682 Rhe-

1337 2707 1386 2729 tor.
1404 2711 1426 2729 c.
1447 2702 1490 2728 24.
1508 2710 1598 2735 seqq„
1617 2702 1714 2734 duplex
1739 2708 1824 2734 genus
1843 2701 2099 2727 circumstantiarum
2125 2708 2171 2727 seu
2191 2700 2300 2727 attribu-

1337 2750 1423 2774 torum
1443 2747 1594 2779 distinguit,
1613 2746 1710 2772 scilicet
1728 2753 1821 2771 eorum
1840 2752 1909 2778 quae
1924 2745 2059 2779 personis,
2081 2748 2106 2771 et
2119 2752 2211 2771 eorum
2231 2752 2301 2778 quae

1337 2791 1442 2826 nepotio
1462 2792 1518 2817 sive
1538 2793 1605 2817 sacto
1624 2790 1795 2821 conveniunt:
1815 2791 1861 2816 cir.
1882 2792 1945 2816 tom.
1970 2790 2013 2815 IV.
2033 2797 2093 2822 pag.
2115 2789 2175 2820 400,
2196 2793 2255 2815 nota
2277 2790 2300 2816 1.

1410 2835 1420 2851 ⁸
1439 2837 1534 2862 Psalm.
1556 2836 1620 2868 148,
1642 2835 1699 2861 164.
1716 2849 1751 2854 -
1764 2835 1855 2860 Glossa
1875 2841 1930 2867 seq.
1950 2837 1988 2860 est
2001 2833 2144 2860 ordinaria
2163 2833 2205 2867 (ex
2218 2834 2300 2867 Beda)

1339 2881 1411 2914 apud
1430 2882 1560 2913 Lyn-anum
1580 2880 1606 2906 in
1627 2881 1688 2905 Luc.
1709 2880 1755 2910 48,
1777 2880 1799 2904 Ἰ.
1828 2898 1830 2900 v

1410 2924 1421 2939 ⁰
1441 2926 1514 2951 Vei-s.
1537 2925 1578 2950 t7.
1597 2925 1687 2950 Glossa
1707 2924 1733 2949 in
1753 2925 1822 2949 hunc
1840 2923 1890 2949 loc.
1903 2924 2013 2955 allegata
2034 2925 2073 2948 est
2085 2921 2243 2955 ordinaria,
2266 2923 2301 2949 de

1340 2978 1393 3004 qua
1412 2970 1474 2996 vide
1493 2973 1556 2995 tom.
1576 2969 1619 2995 tv.
1641 2975 1702 3000 pag.
1723 2968 1790 3000 368,
1810 2970 1898 2993 notam
1920 2966 1944 2992 4.

1396 3049 1398 3051 Ι
1413 3014 1435 3029 ¹⁰
1455 3014 1556 3040 Scilicet
1574 3012 1718 3040 ordinaria
1736 3012 1809 3044 apud
1828 3012 1960 3043 Lyranum
1975 3012 2000 3037 in
2016 3012 2078 3038 Luc.
2094 3012 2139 3044 48,
2160 3012 2183 3038 t.
2195 3025 2232 3031 —
2243 3012 2302 3037 Duo

1339 3066 1414 3092 seqq.
1434 3058 1484 3084 loci
1501 3061 1562 3084 sunt
1581 3057 1657 3083 Eccli.
1677 3057 1724 3088 48,
1752 3057 1795 3082 22.
1821 3059 1847 3082 et
1871 3056 1919 3089 29,
1940 3056 1982 3082 45.
2011 3057 2037 3082 1η
2058 3056 2144 3088 primo
2163 3056 2219 3082 loco
2238 3056 2300 3081 Vul-

1341 3107 1400 3135 gnta
1419 3101 1553 3128 substituit
1570 3103 1596 3128 et
1613 3108 1646 3127 ne
1664 3100 1784 3127 verearis
1798 3107 1846 3132 pro
1859 3102 1885 3127 et
1901 3106 1957 3126 non
1969 3099 2079 3131 veteris,
2100 3100 2126 3126 id
2145 3102 2198 3131 est,
2218 3102 2245 3125 ut
2258 3106 2299 3125 ex-

1340 3147 1419 3179 plicat
1437 3145 1516 3172 Card.
1535 3145 1627 3177 nugo,
1652 3151 1704 3170 non
1729 3144 1822 3170 credas
1849 3144 1932 3169 vetari
1956 3144 2012 3170 sive
2037 3142 2185 3176 prohiberi;
2212 3143 2238 3168 in
2263 3149 2301 3168 se-

1340 3190 1428 3216 cundo
1446 3191 1571 3221 loco,pro
1590 3188 1619 3214 in
1635 3188 1698 3215 sinu
1719 3189 1767 3222 (ita
1787 3189 1866 3214 etiam
1885 3188 1962 3215 Card.
1982 3188 2069 3220 nugo)
2089 3187 2148 3216 Vat,
2162 3194 2223 3213 cum
2239 3187 2300 3213 Vul-

1341 3238 1400 3267 gata
1420 3234 1448 3261 in
1466 3226 1560 3264 coi-de,
1573 3240 1642 3267 quae
1655 3234 1732 3259 etiam
1746 3233 1859 3260 subinde
1872 3233 1935 3266 legit
1947 3234 1973 3260 et
1984 3232 2049 3259 haec
2063 3238 2116 3265 pro
2130 3233 2155 3258 te
2167 3229 2299 3258 emor-abit.

1413 3278 1433 3293 ¹¹
1454 3278 1506 3305 Cir.
1525 3278 1606 3310 Epist.
1624 3277 1668 3303 79.
1689 3277 1762 3310 (alias
1781 3277 1816 3311 9.)
1836 3285 1863 3303 n.
1881 3278 1911 3310 9;
1931 3277 1976 3303 sed
1996 3275 2156 3302 verbotenus
2167 3275 2303 3301 invenitur

1341 3323 1413 3355 apud
1432 3322 1537 3354 Isidor.,
1556 3323 1593 3348 Ill.
1614 3323 1684 3348 Sent.
1703 3329 1726 3348 c.
1745 3322 1770 3348 7.
1789 3330 1816 3348 n.
1837 3322 1861 3353 4;
1880 3323 1926 3347 cir.
1946 3320 2010 3346 ibid.
2033 3327 2057 3346 n.
2078 3321 2122 3346 21.
2140 3322 2166 3345 et
2185 3320 2234 3350 33,
2253 3318 2299 3345 ubi

1342 3367 1502 3398 insinuatur,
1520 3367 1593 3400 quod
1613 3367 1695 3392 oratio
1715 3367 1799 3392 deleat
1817 3368 1923 3398 peccata
1937 3364 2023 3397 sitque
2036 3364 2183 3390 remedium
2198 3370 2299 3389 eorum.

1341 3457 1431 3482 autem
1450 3454 1609 3488 intelligitur
1628 3453 1659 3481 de
1678 3452 1878 3488 opportunitate
1896 3451 2068 3479 necessitatis.

2315 1389 2448 1438 Angagsspli‘

1328 3425 1376 3431 «-
1395 3410 1511 3437 Subinde
1530 3411 1656 3443 allegatur
1675 3411 1752 3437 Eccli.
1771 3411 1801 3441 3,
1822 3409 1848 3436 4.
1865 3422 1901 3429 -
1920 3408 2047 3440 Superius
2066 3408 2124 3434 Vat.
2137 3407 2232 3434 omittit
2246 3406 2302 3433 Hoc
2326 3446 2330 3451 ἱ
