2427 3872
11 690 12 720 1
46 695 146 718 Primum.

18 884 144 919 Secundum.

0 1441 81 1464 ⁴Divisio
95 1441 117 1463 111
131 1441 144 1463 ³

35 1470 115 1497 partes.

1 1735 82 1757 Ptimae
93 1740 142 1762 par-

9 1762 36 1784 ti·
48 1762 133 1784 divisio.

20 1881 51 1904 De
66 1882 142 1905 iuratio

0 1908 26 1931 de
33 1911 53 1931 ta
62 1909 109 1931 ibus
118 1910 142 1931 111

0 1936 99 1962 generali.

865 259 1068 293 EXPOSlTIO
1091 260 1326 306 THRENQRUM
1346 262 1378 295 C.
1403 263 1451 296 lV.

248 346 298 392 GQ.
319 347 414 384 (Ver-s.
436 347 509 384 64.).
532 347 624 378 Tam.
644 348 768 377 Reddes.
790 348 845 377 Hic
865 357 898 378 ex
920 349 1073 385 praedictis
1093 350 1138 379 in-

16 390 17 417 ἶ
39 402 150 427 &nuntia
167 395 260 425 fertur
290 396 368 425 iusta
394 388 539 425 sententia
567 397 801 434 reprobationis,
827 398 919 434 primo
949 399 980 427 in
1009 399 1137 435 generali

14 430 150 485 fssssss'fl'ffi'fuffi
167 445 307 481 quantum
332 445 369 474 ad
389 446 499 475 iustam
514 453 630 481 poenae
650 446 872 476 retributionem
878 457 889 482 ,·
911 447 1028 482 deinde,
1049 456 1137 484 quan-

14 479 70 520 111111.

166 493 228 523 tum
249 493 286 522 ad
305 494 403 523 cordis
424 494 666 524 obdurationem:
686 494 785 524 Dabis
805 496 868 531 eis,·
882 495 981 530 tertio,
996 496 1136 532 quantum

165 541 203 571 ad
224 542 411 577 temporalem
426 543 453 571 et
473 543 623 571 aeternam
641 544 929 573 exterminationem:
946 544 1136 580 Persequersis

166 591 200 620 in
218 590 331 625 furore.

248 640 325 669 Dicit
345 648 429 677 ergo:
459 640 574 670 Reddes
605 641 661 676 eis,
694 640 824 675 Iudaeis,
852 642 959 678 uicem,
990 642 1134 676 Domine,

167 688 253 717 iuxta
274 697 364 724 opera
384 698 526 717 manuum
546 697 685 726 suarum,
708 698 760 725 pro
780 690 855 723 malo
876 690 977 726 culpae
998 690 1027 719 et
1048 691 1134 726 perti-

165 738 263 766 naciae
282 743 402 776 poenam
423 738 615 777 damnationis
628 738 775 774 aeternae3
796 739 857 769 Io‘eI
869 738 893 767 ¹:
920 750 935 764 α
949 739 1034 774 Ecce,
1055 739 1135 768 venit

163 786 298 816 velociter
322 787 353 816 et
373 787 472 816 reddet
492 787 717 819 vicissitudinem
737 788 768 817 in
788 788 876 824 caput
898 785 995 818 eorum
1011 801 1040 817 ›>.

244 836 295 864 67.
318 836 412 873 (Vers.
434 836 507 874 65.).
528 836 620 865 Tuan.
646 837 742 866 Dabis
762 838 817 873 eis,
846 846 903 866 non
929 838 1055 874 agendo,
1085 838 1134 867 sed

165 884 372 922 permittendo,
389 885 518 914 laborem
534 887 629 922 tuum,
645 886 853 922 poenalitatum
868 886 898 915 et
918 887 1132 923 angustiarum,

164 942 237 971 quas
257 935 287 963 in
308 943 389 964 eruce
409 934 563 970 sustinuit,
584 936 700 964 scutum
713 935 827 972 cordis,
849 936 883 964 ut
903 936 1004 965 merito
1018 937 1133 965 iniuria-

163 992 244 1018 rum,
266 992 337 1020 quas
359 983 473 1013 Christo
487 984 664 1019 intulerunt,
685 984 795 1014 intrare
815 985 846 1013 in
866 986 962 1021 ipsum
982 993 1040 1015 non
1067 994 1133 1022 pos-

2102 270 2165 302 647

1202 350 1261 379 sint
1281 351 1368 380 verba
1383 353 1615 389 praedicationis3
1637 355 1688 384 Iob
1700 354 1725 384 ἐ
1746 366 1760 381 α
1775 356 1884 393 Corpus
1908 358 1967 387 eius
1989 359 2068 394 quasi
2084 359 2165 388 scuta

1201 399 1297 428 fusilia
1311 412 1340 428 ».
1354 401 1439 430 Istud
1452 402 1498 430 est
1518 403 1625 431 malum
1646 404 1686 432 eis
1701 405 1825 439 scutum,
1845 406 1925 435 nobis
1939 407 2034 443 autem
2049 407 2164 443 clypeus

1201 448 1313 483 salutis,
1329 450 1362 478 de
1377 457 1432 486 quo
1447 451 1484 478 ad
1497 451 1650 487 Ephesios:
1668 464 1682 478 ‹
1694 453 1729 481 In
1744 454 1873 483 omnibus
1888 456 2031 484 sumentes
2052 457 2164 485 scutum

1196 497 1280 531 -fidei,
1296 498 1325 527 in
1346 506 1400 535 quo
1416 500 1532 535 possitis
1546 502 1640 529 omnia
1655 501 1712 530 tela
1727 503 1809 539 ignea
1824 504 1927 532 inimici
1941 505 2120 541 exstinguere
2133 518 2164 534 ιι.

1281 547 1329 575 68.
1352 548 1447 584 (Vers.
1469 549 1541 586 66.).
1563 550 1653 579 Tuan.
1674 551 1726 580 Sed
1749 560 1799 587 pro
1824 553 1908 582 tertio
1930 555 2070 590 sequitur:
2093 555 2163 583 Per-
2181 561 2286 583 Tamum.

1198 597 1344 632 sequeris,
1367 597 1487 626 Iudaeos
1513 599 1616 633 malos,
1638 600 1671 628 in
1697 600 1811 636 furore,
1838 602 2054 631 irretractabilis
2076 604 2163 632 vindi-

1197 644 1261 673 ctae
1282 645 1312 683 in
1332 645 1430 675 futuro
1451 646 1524 675 etin
1546 649 1698 683 praesenti.
1721 649 1799 678 Unde
1821 652 1963 687 sequitur:
1980 652 2023 680 Et
2036 654 2163 681 conteres

1199 701 1247 721 eos
1268 693 1321 722 sub
1343 695 1445 730 caelis,
1468 695 1496 724 id
1517 696 1561 724 est
1581 696 1627 725 hic
1648 698 1677 725 in
1699 697 1792 732 terra,
1814 698 1956 735 Domine,
1979 701 2026 736 qui
2053 709 2162 730 omnem

1198 741 1286 771 habes
1301 743 1482 778 potestatem.
1503 745 1570 779 Vel,
1585 746 1638 775 sub
1659 747 1764 783 caelis,
1779 748 1807 776 id
1822 748 1866 777 est
1879 749 1932 778 sub
1947 750 2016 778 viris
2037 750 2162 779 caelesti-

1198 791 1272 826 bus;
1299 792 1496 822 Malachiam-3²³:
1523 805 1537 819 α
1553 794 1705 824 Calcabitis
1733 797 1847 832 impios,
1874 806 1936 826 cum
1965 798 2071 827 fuerint
2092 800 2161 828 cinis

1198 840 1251 868 sub
1273 841 1375 876 planta
1396 842 1498 878 pedum
1513 854 1540 870 ι.
1556 860 1596 864 -
1610 844 1684 873 Huic
1704 845 1810 880 triplici
1837 846 1994 875 sententiae
2016 849 2161 883 praeponi-

1198 889 1247 918 tur
1267 889 1366 918 littera
1399 890 1502 927 Thau,
1529 892 1603 928 quod
1630 893 1838 929 interpretatur
1863 895 1968 931 siyna,
1998 897 2064 931 quia
2084 896 2160 925 istud

1197 935 1249 966 Dei
1270 939 1402 968 iudicium
1424 940 1457 968 de
1478 940 1591 969 Iudaeis
1605 941 1647 970 ita
1668 943 1849 971 manifestum
1870 944 1928 977 est,
1950 945 1984 972 nt
2005 946 2111 981 signati
2126 946 2160 973 si-

1196 993 1252 1023 gno
1274 987 1373 1016 infami
1394 989 1513 1024 pateant
1534 997 1584 1025 per
1605 990 1697 1019 totum
1719 991 1813 1020 orbem
1834 992 1986 1021 terrarum.

1042 1116 1210 1146 01111111,οΜ
1230 1117 1283 1147 IV.

245 1236 273 1266 1.
296 1237 391 1275 (³Vers.
413 1236 465 1275 1.).
487 1237 597 1275 Amr-n.
628 1237 776 1283 Quomodo
797 1238 985 1267 obscuratum
1013 1239 1056 1267 est
1076 1247 1130 1267 au-

162 1295 231 1315 rum
239 1286 250 1315 .-'
262 1286 318 1315 Hic
338 1286 441 1323 quarto
454 1286 632 1315 lamentatur
652 1294 753 1315 casum
767 1286 973 1322 spiritualium
988 1295 1129 1322 persona-

163 1344 245 1372 rum,
267 1344 339 1372 quas
359 1337 456 1365 status
481 1335 690 1371 praelationis,
718 1335 791 1364 sicut
812 1335 895 1364 erant
915 1334 1040 1371 ministri
1061 1332 1129 1365 tem-

163 1384 220 1420 pli,
241 1385 287 1413 vel
307 1385 403 1413 status
433 1384 597 1421 reliyionis,
621 1384 694 1413 sicut
722 1384 806 1413 erant
826 1385 981 1419 Nazaraei,
1008 1385 1129 1414 molebat

161 1433 298 1470 insignes.
330 1433 369 1462 Et
389 1433 476 1462 habet
507 1433 567 1464 tres
598 1433 712 1469 partes,
738 1434 805 1469 quia
836 1434 917 1469 prius
949 1433 1129 1462 lamentatur

162 1482 240 1511 hanc
259 1483 491 1517 subversionem;
516 1482 615 1511 deinde
642 1482 742 1511 subdit
766 1483 828 1511 eius
852 1483 998 1511 rationem
1025 1483 1055 1511 in
1083 1483 1129 1512 lit-

161 1531 225 1560 tera
255 1531 432 1560 duodecima:
464 1531 588 1560 Lamed.
617 1530 690 1560 Non
720 1531 908 1561 crediderunt
937 1531 1048 1567 Reycs,·
1073 1532 1128 1560 ter-

161 1579 202 1609 tio
237 1580 326 1609 huius
352 1580 573 1609 lamentationis
600 1572 694 1614 infert
728 1580 945 1613 conclusionem
969 1581 999 1609 in
1027 1580 1126 1609 littera

161 1629 334 1665 penultima:
360 1628 464 1658 Gaude
485 1630 513 1657 et
534 1628 655 1657 laetare.

240 1678 276 1707 In
297 1679 390 1714 prima
410 1678 493 1714 pa-rte
508 1678 661 1707 secundum
682 1674 848 1715 allegoriam
862 1678 993 1714 deplorat
1013 1679 1127 1708 subver-

159 1727 271 1757 sionem
284 1728 449 1764 insiynium
457 1736 657 1764 personarum
670 1728 704 1756 in
716 1728 850 1764 yenerali
858 1737 867 1763 ,·
881 1727 995 1762 deinde,
1017 1728 1049 1756 in
1063 1736 1127 1763 spc-

160 1776 246 1813 ciali,
268 1777 298 1805 in
319 1785 405 1806 versu
425 1777 572 1813 sequenti:
594 1776 674 1805 Filii
695 1776 778 1805 Sion.

240 1826 317 1855 Dicit
335 1835 420 1863 ergo:
454 1826 603 1864 Quomodo
631 1826 817 1855 obscuratum
837 1827 880 1855 est
907 1826 1033 1859 aurum!
1053 1826 1127 1862 quod

159 1875 226 1904 licet
256 1876 287 1904 in
317 1875 418 1912 templi
444 1875 541 1904 aurati
568 1874 820 1914 concremationem
844 1875 919 1904 verti
944 1875 1056 1911 posset,
1086 1875 1127 1903 ta-

160 1933 225 1953 men
246 1924 343 1953 altiori
363 1933 448 1953 sensu
469 1924 629 1960 spiritualis
650 1924 750 1960 templi
764 1924 944 1953 deiectionem
966 1924 1125 1960 significat;

160 1974 234 2003 unde
255 1974 342 2003 dicit:
374 1973 523 2010 Quomodo
555 1973 744 2002 obscuratum
771 1974 815 2002 est
838 1982 956 2002 aurum.
977 1973 1013 2002 In
1041 1981 1125 2007 auro,

160 2023 313 2052 secundum
326 2022 476 2051 Rabanum
487 2021 509 2056 ⁴,
535 2033 550 2048 <z
568 2022 642 2058 quod
669 2021 817 2050 metallum
833 2022 1018 2058 praeeminet,
1041 2022 1126 2050 excel-

160 2072 250 2101 lentia
272 2071 436 2100 sanctitatis
462 2071 637 2107 intelligitur
650 2082 683 2105 »,
705 2079 777 2107 quae
795 2070 839 2099 est
867 2070 1019 2100 obscurata
1039 2070 1069 2099 et
1096 2071 1125 2098 in

159 2121 292 2150 tenebras
303 2120 483 2149 carnalitatis
494 2119 677 2149 commutata.
689 2119 751 2153 Vel,
765 2128 873 2149 aurum
884 2120 1036 2155 optimum,
1049 2119 1127 2148 Chri-

160 2170 240 2204 stus,
262 2170 336 2207 quod
361 2169 573 2208 obscurabitur,
595 2169 662 2205 quia
690 2169 763 2197 nihil
790 2168 972 2204 reputabitur
999 2169 1126 2204 tempore

159 2219 338 2254 antichristi3
363 2219 552 2255 Apocalypsis
564 2217 587 2247 ⁵:
616 2229 631 2243 ι
645 2218 692 2247 Sol
714 2218 807 2246 factus
827 2218 872 2246 est
892 2218 974 2253 niger
989 2217 1126 2253 tanquam

160 2276 258 2297 saccus
283 2268 412 2296 cilicinus
426 2279 455 2295 ».
476 2267 616 2295 Mutatus
635 2267 678 2295 est
705 2266 787 2294 color
808 2266 954 2301 optimus,
986 2266 1125 2301 quantum

160 2317 197 2345 ad
217 2316 448 2345 deformationem
469 2314 616 2344 exterioris
629 2314 803 2349 honestatis,
825 2313 949 2349 dispersi
968 2314 1039 2342 sunt
1054 2313 1127 2348 lapi-

160 2365 209 2394 des
229 2365 409 2400 sanctuarii,
430 2364 459 2392 id
479 2364 524 2394 est
549 2365 604 2392 viri
625 2363 782 2393 eminentes
802 2363 832 2391 in
861 2361 1057 2390 ecclesiasticis
1085 2369 1127 2390 or—

161 2413 274 2442 dinibus
300 2413 465 2447 constjtuti,
495 2412 633 2449 dispersi,
658 2421 715 2441 non
744 2420 795 2448 per
815 2419 939 2440 amorem
966 2410 1033 2439 boni
1053 2419 1128 2439 com-

161 2463 256 2492 munis
275 2461 460 2498 conyreyati,
483 2461 532 2489 sed
553 2469 604 2497 per
632 2460 758 2489 studium
779 2460 916 2488 avaritiae
938 2459 1034 2493 divisi,
1060 2459 1127 2488 dum

165 2522 180 2537 α
193 2519 290 2546 omnes
315 2518 387 2546 quae
411 2518 462 2538 sua
484 2509 552 2538 sunt
573 2504 729 2545 quaerunt,
743 2508 772 2537 et
793 2517 852 2538 non
875 2517 946 2545 quae
960 2509 1027 2537 Iesu
1043 2508 1126 2537 Chri-

161 2560 200 2589 sti
214 2571 242 2594 »,
262 2559 297 2588 ut
311 2558 378 2588 dicit
398 2558 565 2594 Apostolus.
580 2558 620 2587 In
642 2558 737 2594 capite
751 2558 882 2587 omnium
898 2558 1082 2594 platearum,
1098 2559 1127 2587 in

161 2616 216 2645 quo
238 2607 397 2644 praesentis
418 2607 494 2636 vitae
514 2607 638 2636 latitudo
658 2606 851 2643 intelligitur3
878 2618 893 2632 <1
907 2607 968 2635 lata
989 2608 1063 2649 enim
1085 2607 1130 2636 est

161 2658 224 2692 via,
247 2665 319 2694 quae
339 2656 417 2690 ducit
444 2656 481 2686 ad
501 2656 687 2693 perditionem
701 2667 730 2691 v,
751 2656 785 2685 ut
805 2656 873 2687 dicit
887 2656 1019 2684 Christus
1034 2656 1130 2685 Domi-

161 2712 226 2735 nus.
247 2706 284 2735 In
304 2705 399 2742 capite
420 2705 489 2734 sunt
503 2705 677 2742 platearum
698 2706 746 2742 qui
767 2705 831 2736 aliis
857 2705 928 2734 dant
949 2705 1129 2734 carnalitatis

162 2755 337 2791 exemplum3
359 2755 467 2783 Isaias:
487 2766 502 2780 α
516 2755 579 2791 Ipsi
599 2755 730 2791 pastores
744 2754 950 2791 ignoraverunt
970 2754 1130 2791 intelligen-

162 2803 246 2837 tiam,
268 2811 366 2846 9mnes
386 2804 416 2832 in
437 2803 514 2834 viam
527 2812 609 2832 suam
629 2803 862 2838 declinaverunt;
884 2804 1079 2839 unusquisque
1093 2803 1130 2831 ad

161 2851 315 2880 avaritiam
337 2860 433 2886 suam,
455 2861 473 2880 a
491 2860 605 2882 ¹summo
630 2861 720 2889 usque
740 2852 777 2881 ad
795 2852 990 2881 novissimum.
1011 2852 1128 2886 Venite,

163 2908 309 2929 sumamus
330 2901 429 2929 vinum
450 2900 479 2929 et
493 2901 663 2937 impleamur
683 2901 820 2949 ebrietate
835 2912 864 2929 ιν.
885 2901 982 2937 Igitur
1002 2901 1033 2929 in
1054 2909 1129 2929 auro

163 2948 317 2977 obscurato
339 2948 485 2978 subversio
507 2949 670 2978 sanctitatis
691 2949 880 2985 intelligitur,
903 2950 933 2977 in
953 2948 1049 2977 colore
1069 2957 1130 2977 mu·

163 2997 225 3024 tato
247 2996 393 3026 subversio
407 2996 583 3031 honestatis,
605 2998 634 3026 in
655 2996 832 3033 dispersione
847 2997 972 3026 studium
993 2997 1130 3033 cupidita-

163 3044 202 3073 tis
216 3044 245 3073 et
264 3045 462 3081 consequentis
476 3046 675 3081 dissensionis,
690 3044 720 3075 in
737 3046 910 3082 platearum
928 3046 1022 3081 capite
1043 3055 1130 3075 exem-

236 3203 246 3219 ¹
266 3204 328 3237 Cap.
348 3205 378 3238 3,
398 3204 428 3236 4;
447 3205 575 3238 Vulgum:
594 3205 651 3232 Cito
670 3206 794 3233 velociter
812 3207 923 3233 reddum
942 3211 992 3234 etc.

235 3239 246 3255 ²
265 3240 328 3273 Cup.
349 3240 394 3271 41,
415 3240 446 3273 ⁶3
464 3242 584 3274 sequitur
602 3242 667 3274 Eph.
687 3242 719 3273 6,
740 3243 782 3267 16.
800 3256 837 3262 -
851 3243 935 3276 Supra
949 3246 1010 3269 unte
1019 3242 1130 3277 praedi-

155 3274 277 3302 cationis
290 3279 311 3301 A
325 3276 447 3308 praefigit
457 3275 528 3311 [idei.

235 3309 247 3325 ⁸
266 3310 330 3343 Cap.
349 3310 378 3342 4,
398 3311 423 3337 3.
442 3324 478 3331 —-
496 3312 580 3344 Supra
601 3319 649 3344 pro
667 3311 718 3339 sub
736 3311 803 3339 vab-22⁹
822 3313 842 3339 Α
862 3312 974 3340 viribus.

235 3345 247 3360 ⁴
266 3345 336 3372 Libr.
356 3346 398 3372 cit.
419 3346 443 3372 in
463 3347 533 3373 hunc
551 3347 648 3373 locum.

236 3380 248 3396 ⁸
265 3381 329 3414 Cep.
349 3382 379 3412 6,
400 3382 447 3414 ⁴25
466 3382 562 3409 deinde
581 3383 644 3409 Phil.
663 3384 694 3415 2,
714 3382 762 3416 2¹;
782 3383 870 3410 Mutth.
889 3384 918 3416 7,
940 3384 990 3415 13;
1010 3384 1068 3410 lsai.
1086 3384 1130 3415 56,

167 3416 272 3442 11.12.
912 3417 924 3433 ⁶
943 3419 1007 3451 Cap.
1021 3419 1069 3451 24,
1090 3420 1131 3445 15.

1194 1239 1274 1275 plum
1296 1240 1504 1275 perversitatis.
1528 1258 1569 1262 --
1587 1242 1641 1270 Ubi
1663 1243 1858 1279 praemittitur
1878 1243 1976 1280 Aleph
1996 1244 2032 1273 ad
2058 1246 2148 1275 excita

1194 1287 1332 1318 tationem
1352 1289 1560 1326 intelligentiae
1575 1292 1748 1327 spiritualis,
1771 1301 1804 1321 ac
1825 1293 1849 1321 si
1863 1293 1967 1322 diceret
1991 1294 2062 1323 illud
2087 1295 2159 1323 Mat-

1193 1336 1309 1366 thaei⁶:
1336 1350 1351 1364 α
1371 1338 1440 1367 Cum
1461 1340 1590 1368 videritis
1614 1341 1850 1370 abominationem
1871 1342 2065 1377 desolationis,
2088 1353 2159 1380 quae

1192 1386 1268 1415 dicta
1289 1387 1333 1415 est
1354 1396 1372 1416 a
1393 1388 1511 1417 Daniele
1532 1389 1686 1425 propheta,
1709 1390 1833 1419 stantem
1848 1391 1877 1419 in
1898 1391 1957 1420 loco
1979 1393 2092 1427 sancto,
2109 1394 2157 1429 qui

1191 1435 1263 1471 legit
1284 1436 1430 1472 intelligat
1444 1448 1473 1465 n.

1272 1485 1300 1513 2.
1323 1485 1417 1521 (Vers.
1438 1486 1491 1522 2.).
1512 1485 1604 1514 Earn.
1625 1487 1703 1517 Filii
1718 1486 1799 1515 Sion.
1820 1488 1874 1516 Hic
1888 1488 2018 1524 deplorat
2038 1490 2323 1538 subver-1123»g³sne-

1190 1533 1302 1562 sionem
1323 1533 1470 1562 dictarum
1479 1543 1677 1570 personarum
1691 1536 1723 1564 in
1744 1537 1864 1571 speciali
1872 1547 1881 1571 ,·
1895 1538 1969 1573 quod
1991 1539 2081 1574 primo
2097 1547 2157 1574 per·
2171 1522 2270 1564 31138
2281 1523 2322 1544 ‘¹⁰⁰

1191 1581 1300 1611 tractat
1321 1582 1460 1618 quantum
1474 1583 1511 1611 ad
1531 1583 1652 1617 infectos
1665 1585 1859 1619 camalam,-
1873 1586 2002 1620 secundo,
2015 1587 2154 1622 quantum

1191 1631 1227 1659 ad
1241 1624 1405 1660 excedentes
1425 1632 1458 1660 in
1472 1632 1637 1668 severitate,
1659 1633 1698 1661 ibi
1711 1632 1737 1660 ⁷:
1753 1633 1868 1663 Manus
1881 1635 2056 1669 mulierum
2071 1636 2156 1665 tertio

1190 1689 1224 1708 ex
1244 1679 1297 1712 1100
1316 1680 1420 1715 infert,
1435 1681 1599 1709 Dominum
1613 1690 1660 1710 cos
1676 1682 1749 1710 iuste
1764 1681 1910 1719 affliqere,
1925 1683 1978 1711 ibi:
1999 1683 2158 1719 Complevit

1191 1728 1340 1757 Dominus
1353 1728 1485 1763 furorem
1499 1737 1595 1758 suum.
1609 1746 1650 1750 »-
1663 1730 1698 1758 In
1714 1731 1806 1766 prima
1820 1731 1902 1766 parte
1921 1732 2012 1767 primo
2026 1732 2156 1768 deplorat
2177 1736 2208 1758 De
2223 1737 2308 1767 insectis

1191 1778 1399 1809 carnalitatem
1407 1778 1615 1815 praelatorum
1628 1779 1673 1807 vel
1685 1779 1872 1814 clericorum;
1886 1780 2015 1814 secundo,
2038 1781 2157 1817 reliqio-
2180 1764 2305 1818 ἷῗιῗῖῗέἶξιιῗ

1190 1834 1301 1862 sorum,
1317 1826 1372 1855 ibi:
1392 1826 1583 1856 Candidiores
1598 1827 1767 1862 Nazaraei;
1781 1828 1875 1862 tertio,
1891 1829 1980 1869 simul
1994 1830 2155 1866 amborum,

1190 1875 1248 1904 ibi:
1269 1875 1381 1905 Melius
1401 1874 1462 1910 fuit
1482 1876 1592 1905 occisis.
1606 1893 1647 1897 —
1669 1876 1706 1905 In
1728 1878 1820 1913 prima
1840 1878 1923 1913 parte
1944 1879 2036 1914 primo
2061 1880 2156 1915 tangit
2202 1886 2275 1914 Quoad
2291 1887 2321 1908 1³-

1191 1925 1396 1960 carnalitatis,
1418 1924 1452 1953 ut
1473 1924 1578 1954 (fictum
1604 1925 1663 1959 est,
1685 1925 1887 1961 infectionem,·
1905 1927 2034 1961 secundo,
2058 1936 2155 1956 conse-
2170 1919 2321 1962 Βᾷῗωρέξξῖ

1189 1974 1324 2008 quentem
1345 1973 1494 2002 Ecclesiae
1513 1974 1703 2009 multiplicem
1725 1974 1891 2011 laesionem,
1914 1976 1967 2004 ibi:
1991 1976 2048 2005 Sed
2069 1979 2096 2005 et
2111 1977 2155 2005 la-

1189 2022 1396 2051 miae—Pro
1418 2018 1508 2059 primo
1530 2022 1612 2051 dicit:
1634 2023 1725 2059 Filii,
1747 2023 1796 2052 ubi
1817 2025 1907 2059 primo
1928 2025 2066 2059 ostendit,
2089 2026 2156 2061 quid
2184 2028 2214 2050 De
2229 2028 2298 2056 primo

1189 2069 1328 2105 fuerunt‚·
1348 2071 1462 2105 deinde,
1484 2071 1551 2107 quid
1570 2073 1658 2100 sunt:
1684 2072 1831 2109 Quomodo
1851 2074 1990 2108 reputati.
2178 2055 2301 2082 dupliciter.

1270 2119 1347 2147 Dicit
1367 2128 1453 2155 ergo:
1476 2120 1554 2148 Filii
1577 2119 1662 2155 Sion,
1684 2120 1713 2148 id
1733 2120 1778 2148 est
1798 2120 1953 2154 Ecclesiae,
1981 2121 2101 2158 inclyti,
2124 2121 2152 2150 id
2166 2125 2318 2153 Quidsnerint.

1190 2166 1234 2195 est
1255 2167 1372 2203 gloriosi
1393 2168 1421 2196 et
1435 2168 1527 2204 gloria
1548 2168 1639 2204 digni,
1654 2176 1672 2196 a
1692 2169 1792 2204 clyton
1806 2169 1923 2203 Graece,
1945 2170 2018 2205 quod
2037 2170 2083 2198 est
2096 2170 2154 2206 glo-

1190 2216 1295 2244 riosum
1311 2214 1338 2250 Β;
1361 2217 1389 2244 et
1408 2217 1508 2244 amicti
1535 2225 1609 2244 auro
1626 2217 1742 2252 prime,
1770 2217 1909 2252 quantum
1930 2218 1966 2246 ad
1994 2219 2069 2246 vitae
2091 2227 2155 2253 per-

1189 2263 1336 2292 fectionem
1346 2285 1352 2297 ,
1373 2264 1419 2292 vel
1434 2265 1535 2292 amicti
1549 2273 1623 2293 auro
1639 2265 1753 2300 primo,
1769 2265 1797 2299 111
1811 2265 1855 2293 est
1869 2266 2020 2294 eminentia
2042 2268 2154 2302 sapien-

1189 2311 1247 2340 tiae
1268 2312 1297 2347 et
1318 2312 1481 2341 sanctitatis
1502 2313 1586 2342 titulo
1607 2313 1767 2350 praecipuo.
1782 2313 1848 2345 Vel,
1870 2314 1948 2342 Filii
1962 2314 2049 2349 Sion,
2065 2323 2155 2350 qnan-

1190 2360 1252 2389 tum
1267 2360 1303 2389 ad
1317 2360 1598 2397 contemplationem3
1615 2361 1726 2397 inclyti,
1738 2362 1877 2397 quantum
1891 2362 1927 2390 ad
1938 2363 2152 2398 praelationem,

1191 2410 1291 2438 amicti
1306 2418 1378 2438 auro
1388 2410 1497 2446 primo,
1513 2410 1651 2446 quantum
1665 2410 1701 2438 ad
1715 2411 1791 2439 vitae
1803 2410 2008 2446 perfectionem.
2024 2428 2063 2432 —
2081 2412 2154 2448 Quo·
2172 2415 2228 2443 Quid
2242 2416 2293 2437 siut.

1190 2460 1275 2488 modo
1296 2460 1425 2495 reputati
1445 2459 1516 2488 sunt
1536 2460 1569 2488 in
1597 2468 1669 2488 vasa
1696 2460 1810 2488 testea?
1830 2460 1858 2488 id
1878 2460 1922 2488 est
1948 2460 2042 2494 lutea,
2065 2461 2093 2489 et
2121 2460 2153 2489 de

1192 2508 1349 2537 carnalium
1371 2508 1537 2537 solatiorum
1551 2508 1686 2537 desiderio
1707 2517 1779 2537 vasa
1795 2509 1898 2544 testea,
1914 2517 1970 2537 non
1991 2517 2076 2537 aurea
2087 2531 2093 2541 ,
2109 2509 2153 2537 vel

1194 2558 1346 2594 argentea,
1368 2557 1417 2586 sed
1436 2557 1524 2586 lutea.
1552 2557 1611 2586 Vas
1632 2558 1705 2585 enim
1728 2559 1842 2586 testeum
1866 2558 1910 2586 est
1930 2558 2022 2586 lutum
2043 2558 2154 2586 indura-

1192 2608 1270 2642 tum,
1292 2606 1361 2636 Osee
1375 2605 1401 2635 ⁹:
1429 2618 1444 2632 «
1457 2607 1549 2636 131301
1570 2607 1663 2635 factus
1684 2606 1728 2635 est
1755 2608 1784 2635 in
1805 2607 1967 2636 nationibus
1995 2608 2076 2643 quasi
2103 2616 2154 2635 vas

1192 2656 1369 2685 immundum
1383 2667 1412 2683 ».
1426 2656 1597 2685 Induratum
1613 2657 1657 2685 est
1677 2657 1706 2684 in
1722 2656 1762 2684 eis
1781 2656 1890 2689 lutum,
1907 2657 1972 2692 quia
1993 2656 2154 2685 difficillime

1193 2704 1390 2741 corriguntur;
1405 2704 1554 2733 Ieremias:
1581 2716 1595 2730 11
1606 2704 1756 2733 Peccatum
1777 2704 1850 2734 Iuda
1864 2704 2001 2740 scripturn
2023 2697 2071 2733 est
2081 2705 2155 2741 stylo

1193 2754 1284 2783 ferreo
1305 2754 1334 2782 et
1360 2762 1454 2790 ungue
1475 2753 1702 2787 adamantinox3
1725 2753 1953 2782 Ecclesiasticus:
1980 2764 1995 2778 ι
2009 2752 2062 2786 Qui
2076 2753 2156 2781 docet

1195 2803 1323 2837 fatuum,
1350 2803 1432 2839 quasi
1452 2804 1500 2839 qui
1528 2802 1708 2839 conglutinat
1735 2802 1881 2831 testam».
1907 2801 1987 2837 Opus
2013 2810 2155 2829 manuum

1193 2852 1295 2889 ftyuli,
1317 2852 1346 2880 id
1366 2852 1410 2880 est
1431 2851 1550 2885 diaboli,
1572 2852 1620 2887 qui
1640 2859 1687 2881 eos
1701 2851 1774 2879 tales
1794 2850 1875 2884 fecit;
1897 2851 2055 2886 Sapientia:
2083 2861 2098 2875 ι
2112 2850 2155 2878 Fi—

1192 2901 1279 2938 gulus
1310 2901 1423 2929 mollem
1456 2900 1563 2928 terram
1594 2908 1724 2936 premens
1744 2899 1882 2928 laboriose
1903 2899 1987 2935 fingit
2018 2898 2054 2926 ad
2084 2907 2154 2927 usus

1194 2949 1307 2978 nostros
1328 2948 1545 2984 unumquodque
1572 2956 1666 2976 vas».
1689 2947 1742 2976 Sed
1770 2947 1883 2975 tandem
1904 2947 1934 2975 in
1962 2946 2018 2975 fine
2043 2946 2092 2981 fiet
2120 2946 2154 2974 de

1168 3002 1171 3008 '
1194 2998 1248 3031 013,
1273 2997 1347 3033 quod
1378 2996 1446 3025 dicit
1466 2996 1616 3025 Psalmus:
1643 3007 1658 3021 α
1677 2996 1823 3032 Tanquam
1855 3003 1906 3023 vas
1927 2995 2008 3031 figuli
2036 2994 2156 3023 confrin-

1193 3045 1243 3082 get
1263 3053 1310 3074 eos
1324 3057 1353 3073 n.

1265 3206 1276 3222 ⁷
1295 3207 1370 3233 Vers.
1392 3207 1438 3237 1ος
1459 3206 1563 3232 tertium
1583 3212 1609 3230 v.
1632 3204 1658 3230 11
2119 3236 2124 3244 ¹

1264 3241 1275 3257 ⁸
1294 3243 1364 3268 Ilaec
1382 3242 1501 3275 quinquo
1520 3240 1601 3266 verba
1621 3239 1714 3266 desunt
1728 3238 1753 3264 in
1768 3238 1828 3264 Vnt.
1841 3238 1890 3264 Pro
1903 3245 1920 3265 α
1933 3238 2023 3272 clyton
2038 3238 2156 3273 (κλυτον)

1193 3279 1213 3304 Β
1232 3281 1355 3310 corrupte
1372 3277 1407 3303 ab
1425 3283 1501 3311 yeon.
1521 3277 1548 3302 ln
1567 3275 1659 3301 eadem
1680 3275 1738 3299 Vat.
1758 3274 1853 3300 desunt
1871 3281 1940 3307 quae
1962 3275 2028 3300 iun-u
2042 3282 2158 3308 sequun-

1194 3317 1236 3353 tur
1254 3317 1314 3348 post
1328 3312 1531 3352 perfectionem,
1554 3311 1623 3337 scil-2
1647 3309 1691 3336 Vel
1716 3309 1808 3336 amicti
1825 3316 1895 3336 auro
1920 3309 2025 3344 primo,
2046 3309 2074 3336 id
2091 3312 2157 3337 est...

1193 3348 1611 3446 Ϊωὲρὲᾇξοῖῗῃὲῗὲοᾳυυῃωι·
1623 3381 1669 3407 ter.
1686 3380 1774 3413 17,1;
1789 3381 1864 3407 acen.
1879 3381 1928 3412 22,
1944 3380 1962 3407 7
1968 3390 1975 3412 ;
1989 3378 2050 3414 Sap.
2068 3380 2112 3412 15,
2126 3380 2157 3412 7;

1215 3426 1239 3445 3.
1281 3439 1287 3452 ,
1325 3438 1332 3445 .
