2427 3872
431 233 498 260 ROM

817 188 853 221 IN
877 187 1170 221 COMMENTARIOS
1194 188 1223 220 S.
1248 187 1474 220 SCRIPTURAE

147 285 204 305 ram
230 279 332 310 lapsam
356 276 420 304 ibid.
438 291 472 297 —
491 278 529 303 lra
556 277 648 303 melior
671 279 711 302 est
735 277 789 302 risu
828 276 912 302 lerunt
931 276 964 302 ad
984 275 1149 301 adorandum
1163 279 1188 301 et
1201 275 1402 301 custodiendum
1416 276 1467 300 208

147 322 363 349 dissimulationis
381 321 415 347 55
435 329 461 347 v.
481 321 496 347 4
515 335 550 341 -
570 321 668 347 Stultus
692 321 741 346 alte
760 321 791 346 ri·
827 327 854 345 v.
874 320 917 346 15.

147 367 192 393 det
204 367 237 393 56
257 374 284 392 v.
302 366 319 392 7
338 379 374 386 —·
391 366 458 392 altus
476 368 530 397 est,
548 365 657 399 quando
676 365 791 391 adulatio

148 413 188 437 est
206 411 321 437 clamosa
341 409 404 436 ibid.

200 469 236 474 —
254 454 372 481 consistit
391 455 416 480 in
438 454 659 486 contemplatione
682 452 790 479 divinae

147 499 265 525 veritatis
284 499 328 524 Vll
349 498 399 524 147
420 498 453 524 49
474 512 507 516 -
520 498 662 530 spiritualis
675 497 791 523 consistit

148 544 173 569 in
194 543 354 570 iucunditate
369 543 463 569 mentis
476 545 583 575 propter
595 541 791 573 contemplatio-

146 595 209 614 nem
228 588 344 613 veritatis
365 587 415 613 149
435 587 469 613 53
489 600 523 605 -
540 586 708 612 iucunditatis
727 592 790 617 pro-

147 632 258 658 mittitur
276 630 466 658 detestantibus
484 630 552 656 mala
572 630 665 662 culpae
678 629 729 655 147
743 629 787 655 49.

150 676 200 702 149
221 676 253 702 53

201 721 301 746 Romal
320 733 354 738 —
373 722 492 751 tempore
510 718 604 745 Christi
623 716 789 750 imperabant

146 765 248 799 ludaeis
266 765 300 790 Vt
320 763 370 790 407
390 764 423 789 66
443 777 478 782 -
498 763 666 794 Divulgatum
686 762 733 788 fuit
746 768 788 787 eo-

148 816 208 835 rum
235 815 330 834 nomen
354 808 454 834 ratione
473 808 604 840 potentiae
624 807 665 832 Vll
685 807 735 832 107
754 807 787 831 78

147 868 183 872 -
201 853 333 883 neminem
359 851 533 883 damnabant,
558 852 607 877 nisi
633 851 708 883 prius
733 851 788 882 ipse

148 897 254 923 auditus
267 897 356 923 fuisset
371 897 402 922 Vl
415 896 467 921 352
481 897 513 921 69
527 911 562 914 -
576 895 685 922 Romani
699 894 787 921 omnia

149 942 216 968 idola
237 941 373 974 gentilium
392 940 595 973 subiugatorum
620 941 732 966 Romam
752 942 789 965 tu-

204 1207 269 1233 5131
289 1221 324 1226 -
347 1207 448 1239 Regina
461 1205 529 1232 Saba
544 1206 568 1231 in
583 1205 666 1232 tribus
680 1206 727 1232 fuit
740 1206 791 1231 lau-

149 1250 242 1277 dabilis
255 1251 298 1278 Vll
314 1252 365 1277 299
380 1252 413 1277 66
432 1266 468 1270 —
482 1251 588 1283 Septem
609 1250 701 1276 habuit
716 1257 792 1282 prae-

149 1295 302 1322 eminentias
320 1303 401 1328 super
419 1295 529 1322 ludaeos
541 1295 691 1321 incredulos
703 1294 736 1321 ib.
757 1294 790 1320 67

203 1341 338 1366 Sacamum
355 1354 390 1358 —-
417 1339 543 1366 custodiri
569 1347 583 1365 a
608 1340 662 1365 Deo
688 1345 791 1371 praece-

150 1388 225 1416 ptum
254 1387 294 1410 est
318 1384 352 1410 Vl
375 1383 427 1410 377
451 1385 485 1410 22
509 1397 545 1403 -
563 1384 736 1418 Praeceptum
756 1383 790 1409 de

151 1427 265 1454 Sabbato
294 1429 438 1454 maxImum
467 1431 523 1454 erat
554 1428 620 1454 inter
650 1430 791 1460 praecepta

149 1473 228 1505 Legis
246 1472 297 1498 346
311 1473 350 1505 133
370 1480 428 1505 arg.
445 1486 481 1491 —
493 1472 554 1498 Dies
566 1472 728 1504 significatus
740 1475 791 1502 est,

150 1524 183 1543 ne
202 1517 257 1543 Deo
281 1517 384 1542 vacatio
409 1516 534 1542 oblivioni
564 1516 710 1542 traderetur
740 1516 791 1542 308

150 1562 179 1587 31
205 1561 233 1587 2·
251 1575 286 1579 -
305 1560 501 1587 observandum
530 1563 569 1586 est
593 1560 792 1592 diligentissime

150 1606 194 1631 Vll
216 1605 267 1631 135
286 1605 302 1631 5
320 1619 356 1624 -
374 1605 410 1631 Ne
428 1611 524 1630 vacare
544 1605 597 1630 Deo
616 1604 652 1630 ob
671 1604 721 1630 alia
749 1611 792 1629 ne-

152 1649 308 1682 gligeretur,
328 1649 362 1675 ab
381 1649 505 1675 omnibus
524 1649 581 1675 aliis
606 1648 721 1675 Sabbato
740 1655 794 1674 ces·

153 1701 212 1719 sare
230 1697 403 1726 praeceptum
423 1697 462 1719 est
486 1694 520 1719 Vl
540 1694 591 1719 308
612 1694 640 1719 31
665 1692 694 1719 2·
712 1708 747 1711 —
766 1694 793 1719 ln

152 1737 268 1764 Sabbato
296 1737 486 1770 prohibebatur
514 1738 632 1770 operatio
660 1737 793 1764 servitutis

153 1782 196 1808 Vll
217 1783 267 1808 136
287 1783 302 1808 6
322 1797 357 1802 -
377 1783 506 1816 Quietatio
530 1782 565 1808 ab
590 1782 714 1808 omnibus
731 1789 794 1814 ope-

153 1826 227 1853 ribus
245 1827 384 1853 servilibus
402 1831 458 1853 erat
480 1827 670 1853 caeremoniale
688 1827 722 1852 Vl
742 1827 794 1852 308

153 1871 181 1897 31
207 1870 235 1896 l*

208 1929 243 1935 ——
263 1919 318 1941 erat
336 1916 393 1942 dies
411 1916 506 1949 quietis
525 1916 566 1942 Vll
587 1915 638 1941 342
658 1916 691 1941 22
711 1930 744 1934 —-
768 1916 794 1941 ln

154 1959 269 1986 Sabbato
288 1964 314 1986 et
332 1961 445 1986 maxime
465 1960 490 1986 in
504 1967 601 1992 magno
615 1959 731 1986 Sabbato
743 1967 794 1985 non

154 2003 248 2030 licebat
266 2005 389 2031 victualia
408 2011 567 2037 praeparare
586 2004 638 2030 585
658 2005 691 2030 68
711 2018 746 2024 —
758 1998 796 2030 'lu

155 2048 271 2075 Sabbato
296 2056 349 2075 uon
375 2048 469 2075 licebat
493 2056 588 2081 parare
613 2052 748 2081 unguenta
770 2052 796 2075 et

155 2097 272 2119 aromata
292 2094 343 2119 586
362 2094 392 2119 71
415 2107 451 2112 -
469 2093 619 2120 Mandatum
633 2094 667 2120 de
680 2093 795 2120 Sabbato

155 2145 208 2164 non
227 2137 326 2171 obligat
346 2138 371 2164 in
391 2145 453 2164 casu
473 2138 636 2164 necessitatis
656 2139 706 2164 136
722 2138 742 2176 J
761 2152 796 2158 —

156 2183 182 2208 ln
209 2181 324 2209 Sabbato
350 2189 404 2208 non
432 2185 535 2214 oportet
562 2181 596 2208 ab
624 2183 698 2208 omni
716 2189 797 2215 opere

156 2226 286 2253 abstinere
305 2227 354 2253 137
377 2227 409 2252 10

209 2285 245 2291 -
263 2273 434 2304 Praeceptum
454 2271 488 2297 de
506 2270 622 2297 sabbato
640 2278 691 2297 non
710 2271 798 2304 prohi-

156 2315 236 2342 bebat
254 2323 322 2348 opus
340 2316 446 2348 salutis,
464 2315 510 2342 sed
540 2316 673 2342 servitutis
691 2316 725 2342 Vl
746 2315 797 2342 346

158 2360 191 2385 33
210 2374 246 2380 -
264 2362 291 2386 13
311 2359 426 2386 5355310
446 2363 568 2386 vetantur
583 2367 664 2392 opera
684 2361 798 2393 servilia,

157 2411 211 2431 non
229 2405 387 2437 spiritualia,
406 2411 456 2430 nec
475 2405 563 2430 divina
583 2408 609 2430 et
628 2405 797 2436 miraculosa,

157 2456 206 2475 nec
224 2450 371 2475 necessaria
389 2449 424 2475 ad
442 2449 558 2475 sanitatis
570 2450 798 2476 conservationem

158 2497 185 2520 et
202 2494 363 2519 curationem
383 2494 426 2520 Vll
446 2493 497 2519 344
517 2494 546 2519 31
569 2508 605 2512 -
617 2501 669 2519 non
689 2494 799 2520 solvitur

158 2545 206 2570 per
224 2538 386 2564 sanationem
406 2538 520 2564 hominis
534 2539 585 2564 360
599 2538 614 2564 9
627 2552 662 2558 -
681 2538 799 2565 Christus

159 2589 255 2609 curans
274 2583 300 2609 in
319 2582 434 2608 5355310
455 2582 600 2609 Sabbatum
614 2590 668 2609 non
681 2583 800 2610 solvebat

159 2626 193 2652 Vl
214 2627 265 2653 345
286 2627 328 2659 29,
348 2627 389 2653 31.
410 2626 462 2652 346
481 2626 515 2653 34
538 2642 574 2646 -
595 2628 620 2653 13
640 2627 756 2654 5355310
773 2628 800 2654 li·

159 2671 209 2697 cita
222 2674 296 2697 erant
308 2678 390 2704 opera
403 2671 506 2703 pietatis
525 2671 577 2698 346
596 2672 631 2698 34
651 2671 679 2698 2·
698 2686 731 2692 -
747 2679 799 2698 non

160 2715 271 2742 solvitur
290 2723 338 2748 per
357 2722 426 2747 opus
444 2715 532 2742 nobile
550 2716 602 2743 345
622 2717 665 2750 29,
678 2717 707 2743 31
727 2718 800 2743 -ln

162 2759 276 2786 5355310
296 2760 355 2786 11031
372 2759 440 2785 bene
468 2761 554 2786 facere
580 2764 606 2787 et
624 2762 740 2787 animam
758 2769 801 2788 cu-

161 2810 220 2830 rare
239 2805 282 2830 Vll
304 2804 354 2829 138
376 2804 407 2829 16

215 2862 249 2867 —-
268 2849 439 2880 Praeceptum
458 2848 492 2874 de
511 2848 626 2875 5355310
650 2853 750 2882 spectat
767 2851 801 2876 ad

162 2892 296 2918 caritatem
317 2893 357 2919 Vll
378 2891 431 2917 342
449 2893 483 2918 22
503 2906 538 2912 -
556 2900 609 2919 non
630 2897 669 2920 est
686 2895 802 2921 introdu-

163 2940 233 2962 ctum
254 2937 279 2962 in
298 2936 489 2969 praeiudicium
509 2937 636 2970 hominis,
655 2938 702 2964 sed
716 2939 803 2971 potius

162 2980 190 3006 in
208 2981 318 3007 salutem
338 2980 389 3006 344
410 2980 438 3005 31
460 2994 496 3000 -
508 2980 650 3007 Occasione
662 2983 803 3009 curationis

165 3025 189 3050 in
210 3024 326 3050 Sabbato
345 3024 433 3051 ludaei
457 3025 686 3056 reprehendebant
704 3029 729 3052 et
747 3033 804 3058 per-

164 3068 341 3102 sequebantur
359 3068 491 3095 Christum
505 3069 537 3094 vt
557 3069 608 3094 306
628 3070 672 3095 20.
690 3070 741 3096 307
761 3071 804 3096 28.

165 3113 216 3138 308
236 3114 269 3139 33
288 3128 324 3132 -
343 3113 368 3139 in
389 3114 459 3145 Lege
472 3116 643 3145 praeceptum
656 3116 696 3140 est
714 3116 739 3139 et
752 3121 804 3140 non

165 3156 300 3183 auferebat
311 3157 538 3183 circumcisionem
551 3157 625 3189 prius
638 3160 804 3190 praeceptam

167 3200 218 3226 346
238 3201 273 3227 34

221 3259 256 3263 -—
274 3245 424 3272 Mandatum
452 3245 486 3272 de
510 3244 625 3271 Sabbato
654 3245 733 3272 habet
760 3246 806 3272 ali-

167 3288 231 3321 quid
261 3290 359 3316 morale
383 3293 409 3316 et
436 3290 534 3323 aliquid
562 3290 753 3316 caeremoniale
773 3291 805 3316 Vt

168 3332 220 3358 307
252 3333 280 3359 31
315 3347 352 3354 ·-
378 3333 533 3361 observatio
560 3333 755 3360 caeremonialis
779 3334 805 3360 in

881 378 914 382 —
934 366 986 389 tres
1005 371 1117 396 aggeres
1147 365 1264 390 fecerunt
1288 367 1378 389 contra
1403 364 1468 389 leru-

827 408 907 434 salem
936 408 980 434 Vll
1010 408 1060 433 497
1089 408 1122 433 66
1142 423 1176 426 -
1204 411 1355 433 everterunt
1374 409 1468 434 multas

827 452 945 478 civitates
964 459 1013 484 per
1031 452 1170 482 iudaeam,
1189 455 1329 484 antequam
1350 452 1468 477 venirent

827 497 966 522 ierusalem
986 496 1032 522 531
1057 496 1086 521 31
1112 509 1146 514 -
1164 499 1290 528 ceperunt
1315 497 1393 521 multa
1414 496 1467 521 mil-

827 541 860 567 lia
881 541 1052 572 ludaeorum,
1071 542 1096 565 et
1114 540 1256 566 duodecim
1270 540 1342 565 viros
1354 540 1468 566 inermes

827 592 878 611 non
898 587 1090 616 superaverunt
1109 584 1160 609 530
1180 584 1214 609 26

880 629 946 654 11051
966 642 1002 647 —-
1020 628 1131 654 delectat
1150 628 1238 660 quoad
1267 628 1406 653 odoratum
1433 628 1466 652 Vl

828 673 873 698 121
898 680 924 698 ν.
944 673 959 698 6

880 717 950 743 nou
969 730 1006 736 -
1023 719 1063 742 est
1086 716 1288 742 instrumentum
1300 735 1307 747 ,
1323 723 1370 748 per
1395 716 1467 749 quod

827 762 855 787 flt
881 761 987 787 eductio
1012 767 1098 794 aquae
1126 761 1239 787 foetidae
1264 763 1290 786 et
1317 761 1416 786 lutosae
1429 760 1468 786 .de

826 807 937 832 cisterna
959 806 990 831 vt
1010 805 1043 831 94
1062 813 1088 830 v.
1107 805 1124 830 7
1143 819 1179 825 —
1203 805 1299 831 dicitur
1318 804 1470 831 volubilitas

826 853 852 876 et
870 848 1030 875 variabilitas
1055 849 1080 875 in
1108 849 1270 881 possidendo
1299 848 1333 874 97
1353 856 1380 874 v.
1399 849 1415 874 7
1434 863 1469 867 —

826 894 998 926 confringitur
1007 900 1088 926 super
1101 893 1250 926 cisternam,
1262 894 1370 927 quando
1383 894 1470 919 omnis

827 946 889 971 spes
902 939 1017 965 habendi
1031 938 1102 964 5033
1116 939 1268 971 13310013Ιὶ3
1282 939 1398 964 aufertur
1408 937 1470 964 ibid.

1127 1065 1163 1119 S

830 1204 944 1231 Sabbato
964 1207 1020 1230 erat
1043 1204 1198 1237 spiritualis,
1218 1204 1333 1230 litteralis
1360 1207 1386 1229 et
1411 1210 1470 1229 con-

829 1250 1000 1276 suetudinalis
1026 1249 1076 1274 308
1106 1249 1139 1274 32
1169 1263 1202 1267 -
1232 1248 1392 1280 significatio
1419 1248 1470 1274 diei

828 1297 884 1320 erat
902 1294 1092 1320 caeremoniale
1110 1292 1143 1319 ib.
1164 1293 1192 1319 31
1219 1292 1246 1318 l·
1266 1307 1299 1311 -
1316 1291 1471 1318 servabatur

828 1346 843 1364 a
863 1339 964 1365 ludaeis
984 1339 1071 1370 potius
1094 1338 1128 1364 ad
1153 1338 1364 1370 superstitionem
1390 1344 1470 1370 quam

829 1385 937 1415 propter
955 1382 1123 1408 devotionem
1144 1382 1187 1407 Vll
1207 1381 1257 1407 344
1277 1381 1310 1406 29

882 1440 918 1446 -
936 1428 964 1453 13
983 1426 1105 1452 53553115
1123 1426 1211 1452 ludaei
1229 1424 1419 1451 conveniebant
1438 1425 1472 1451 ad

829 1478 979 1503 synagogas
1007 1471 1041 1496 Vl
1066 1471 1117 1496 308
1147 1471 1180 1496 33
1200 1471 1280 1495 —ln
1309 1470 1390 1495 veteri
1414 1470 1472 1501 lege

828 1516 977 1541 vacandum
997 1518 1053 1541 erat
1071 1515 1121 1547 legi
1142 1515 1188 1540 Dei
1216 1515 1243 1540 in
1271 1521 1408 1546 synagoga
1428 1514 1471 1539 vn

830 1560 863 1585 96
883 1560 917 1585 32
935 1573 971 1579 -
996 1561 1022 1585 ln
1051 1559 1166 1585 Sabbato
1189 1562 1218 1585 ut
1242 1559 1268 1584 in
1294 1559 1338 1585 die
1362 1558 1472 1584 solemni

829 1604 1005 1630 communiter
1024 1603 1112 1630 ludaei
1122 1603 1205 1629 verbo
1227 1604 1271 1629 Dei
1291 1606 1365 1629 erant
1384 1603 1472 1629 intenti

830 1648 882 1674 342
902 1649 935 1674 22
955 1662 990 1666 -
1010 1648 1131 1675 53553115
1159 1649 1274 1681 populus
1298 1647 1473 1674 conveniebat

830 1693 863 1719 ad
893 1693 1012 1718 auditum
1041 1693 1130 1725 Legis,
1165 1693 1226 1725 quia
1259 1695 1408 1721 cessaverat
1438 1692 1472 1718 ab

830 1744 911 1769 opere
929 1737 1017 1763 servili
1038 1737 1088 1762 105
1108 1737 1142 1762 66
1165 1750 1201 1756 -
1225 1736 1347 1763 Christus
1361 1736 1472 1762 sabbati-

831 1781 900 1807 zavit
919 1781 945 1807 in
964 1788 1101 1813 synagoga
1121 1782 1155 1807 96
1175 1781 1209 1807 32

884 1840 920 1845 -—-
933 1826 1066 1858 multiplex
1080 1829 1119 1852 est
1132 1826 1175 1852 Vll
1190 1825 1239 1851 134
1254 1827 1269 1851 2
1283 1840 1318 1844 -
1332 1826 1472 1858 aliquando

832 1870 927 1896 dicitur
945 1871 1092 1902 septimana
1112 1871 1256 1903 paschalis,
1284 1871 1346 1903 quia
1370 1874 1472 1902 septem

833 1914 927 1941 diebus
955 1918 1010 1941 erat
1034 1915 1179 1941 feriandum
1208 1915 1259 1941 587
1280 1916 1295 1941 2
1330 1929 1359 1933 -
1388 1915 1473 1940 Prima

833 1960 889 1986 dies
908 1960 1071 1992 septimanae
1090 1960 1220 1992 paschalis
1239 1959 1376 1985 dicebatur
1388 1960 1473 1992 prima

833 2004 942 2031 Sabbati
970 2008 996 2030 et
1022 2008 1063 2030 est
1089 2004 1148 2030 dies
1179 2004 1328 2030 dominicus
1352 2003 1415 2030 ibid.
1439 2018 1474 2023 —

833 2049 928 2075 dicitur
956 2049 1110 2081 septimana,
1139 2050 1180 2075 vel
1208 2049 1338 2081 septimus
1365 2049 1422 2075 dies
1443 2049 1474 2074 Vl

833 2093 886 2119 504
906 2094 921 2119 2
940 2107 976 2113 -
994 2093 1132 2119 dicebatur
1149 2094 1207 2119 dies
1229 2094 1341 2126 septima
1360 2094 1404 2119 Vll
1423 2093 1476 2119 585

834 2138 868 2163 69
888 2151 922 2157 —-·
950 2138 1072 2164 dicuntur
1100 2138 1156 2164 dies
1184 2145 1352 2171 azymorum,
1378 2137 1476 2171 quibus

834 2182 1033 2209 sabbatizabant
1051 2183 1139 2209 ludaei
1167 2183 1201 2209 Vl
1230 2183 1281 2209 512
1309 2183 1342 2209 37
1361 2196 1397 2201 -
1415 2183 1476 2209 Dies

835 2227 943 2253 Sabbati
961 2231 1017 2254 erat
1029 2235 1142 2260 magnus
1155 2231 1180 2253 et
1195 2228 1308 2253 maxime
1321 2234 1474 2259 azymorum

836 2273 877 2298 vel
896 2273 1018 2305 paschale
1032 2273 1077 2298 Vll
1093 2272 1145 2299 585
1165 2273 1198 2298 68
1218 2286 1253 2292 —
1272 2272 1337 2298 intra
1357 2272 1476 2298 solemni-

836 2320 915 2343 tatem
933 2324 1088 2349 azymorum
1114 2324 1241 2349 magnum
1261 2320 1300 2343 est
1320 2317 1351 2352 Vl
1371 2317 1422 2342 500
1442 2317 1475 2342 49

888 2376 924 2380 —-
943 2361 1116 2388 Observantia
1145 2362 1341 2388 caeremonialis
1368 2360 1476 2387 Sabbati

836 2405 951 2431 debebat
969 2406 996 2431 in
1014 2406 1107 2432 Christi
1127 2406 1243 2432 adventu
1261 2412 1365 2431 cessare
1378 2406 1410 2431 Vl
1425 2405 1475 2431 308

837 2450 869 2475 33
889 2464 924 2469 -
943 2449 1097 2477 Observatio
1121 2451 1263 2483 spiritualis
1288 2449 1394 2476 Sabbati
1423 2456 1475 2475 non

836 2498 875 2521 est
893 2495 992 2526 soluta,
1018 2495 1064 2520 sed
1089 2495 1196 2527 impleta
1215 2494 1249 2521 ib.
1274 2495 1308 2520 32
1326 2508 1362 2513 -
1380 2493 1477 2520 Obser-

836 2539 924 2565 vantia
943 2539 1139 2565 caeremonialis
1158 2539 1266 2564 Sabbati
1293 2539 1414 2565 adiuncta
1438 2541 1477 2564 est

836 2583 961 2609 mandato
981 2583 1126 2609 dilectionis
1145 2582 1180 2609 ib.
1199 2584 1227 2609 31
1253 2583 1281 2609 2·

888 2642 924 2646 -
942 2628 1067 2659 cessavit,
1087 2634 1148 2653 curn
1163 2628 1210 2654 fuit
1221 2628 1369 2660 impletum,
1382 2630 1408 2653 et
1421 2628 1477 2654 dies

837 2672 984 2698 dominicus
1002 2672 1026 2698 ei
1045 2673 1170 2698 successit
1182 2671 1355 2699 celebrandus
1369 2673 1411 2699 Vll
1425 2672 1477 2698 585

838 2718 870 2743 68
890 2718 971 2742 —ln
997 2717 1040 2743 die
1064 2716 1171 2743 5355311
1200 2719 1265 2743 facta
1294 2721 1333 2744 eet
1361 2717 1478 2750 impletio

838 2762 939 2793 figurae
957 2768 1005 2793 per
1024 2761 1160 2787 veritatem
1179 2761 1240 2788 ibid.
1260 2776 1295 2780 —
1313 2762 1339 2787 ln
1354 2762 1397 2787 die
1416 2761 1478 2787 Sab-

838 2805 891 2831 bati
910 2805 998 2831 decuit
1015 2805 1147 2832 Christum
1161 2813 1300 2838 resurgere
1319 2805 1371 2831 587
1391 2807 1406 2832 2

892 2865 924 2869 -
945 2851 993 2876 Per
1013 2849 1157 2876 Sabbatum
1176 2850 1328 2882 intelligitur
1346 2850 1428 2876 otium
1443 2850 1479 2875 di-

839 2895 917 2920 vinae
930 2895 1156 2926 contemplationis
1171 2896 1212 2920 Vll
1228 2895 1279 2920 135
1290 2894 1305 2920 4
1318 2908 1354 2914 -
1366 2894 1478 2927 Quando

839 2940 964 2965 volumus
979 2938 1141 2965 sabbatizare
1154 2939 1217 2970 Deo,
1230 2938 1359 2964 debemus
1371 2945 1479 2970 congre-

840 2984 897 3016 gari
916 2984 1035 3015 interius,
1055 2990 1108 3009 non
1126 2983 1240 3009 exterius
1258 2983 1291 3008 96
1312 2984 1344 3009 32

892 3041 929 3047 —
947 3027 1041 3053 dicitur
1060 3027 1136 3060 quies
1154 3026 1249 3053 Christi
1267 3027 1294 3052 in
1314 3027 1435 3059 sepulcro
1454 3030 1479 3052 et

841 3072 917 3104 quies
935 3072 1083 3097 animarum
1103 3074 1253 3096 sanctarum
1266 3071 1309 3097 Vll
1326 3071 1378 3096 585
1397 3071 1430 3096 69
1444 3084 1480 3090 -

842 3115 937 3141 (1101101
955 3116 1030 3148 quies
1043 3123 1057 3140 a
1071 3115 1265 3147 perpetratione
1282 3115 1391 3147 peccati,
1405 3115 1480 3147 quies

841 3159 1068 3191 contemplationis
1087 3162 1112 3184 et
1124 3162 1205 3185 status
1218 3159 1352 3190 religionis
1370 3157 1431 3185 ibid.
1444 3172 1479 3177 —

842 3203 937 3229 dicitur
954 3204 1030 3236 quies
1049 3206 1171 3229 aeternae
1189 3203 1356 3229 iucunditatis
1375 3203 1426 3228 586
1446 3203 1479 3228 69

841 3260 876 3266 —
895 3247 1075 3279 septiformem
1095 3246 1173 3272 habet
1190 3247 1369 3278 acceptionem
1389 3245 1451 3273 ibid.

896 3291 1041 3317 SABffltANt
1053 3305 1088 3309 —
1100 3294 1198 3323 negant
1216 3291 1407 3317 distinctionem
1421 3297 1480 3322 per-

842 3341 966 3360 sonarum
987 3335 1019 3361 Vl
1038 3335 1089 3360 247
1110 3335 1125 3360 3

2081 189 2145 221 829

1797 230 1857 257 530

1560 276 1646 300 nuncu
1666 289 1701 293 —
1726 276 1824 300 effusus
1851 278 1890 300 est
1915 275 1982 301 sicut
2007 283 2074 308 aqua
2105 276 2148 302 Vll

1507 318 1540 344 43
1561 319 1612 344 142

1560 364 1671 389 1103111011
1692 377 1726 381 —
1746 366 1784 389 est
1808 367 1874 388 terra
1903 362 1983 389 rubra
2009 367 2035 389 et
2063 364 2148 395 color,

1505 407 1551 440 qui
1572 407 1631 433 inde
1651 408 1693 437 sst,
1712 411 1738 433 et
1756 408 1846 439 regula
1868 408 1907 433 vel
1928 408 2010 438 illum,
2030 414 2085 440 quo
2107 408 2143 438 lit,

1505 454 1531 476 et
1550 452 1604 483 ipsa
1625 452 1735 477 tinctura
1757 452 1789 476 Vl
1810 452 1861 476 195
1882 459 1907 476 ν.
1929 451 1961 477 14

1559 496 1642 521 nunus
1662 510 1695 514 -
1715 496 1760 528 qui
1781 495 1890 521 ardebat
1909 499 1934 521 et
1947 503 1998 521 non
2013 495 2149 521 combure-

1505 539 1582 565 batur
1614 540 1662 565 fuit
1690 540 1775 571 figura
1807 540 1922 571 Virginis
1950 540 2058 570 Mariae,
2086 540 2147 573 quia

1505 584 1624 614 concepit
1642 584 1698 609 sine
1718 583 1825 609 libidine
1846 584 1887 608 Vll
1908 584 1941 609 25
1962 584 1994 609 63
2014 597 2049 603 -
2068 585 2147 615 Moysi

1505 630 1544 652 est
1563 627 1646 659 figura
1666 628 1864 653 resurrectionis
1879 629 1980 653 futurae
1995 629 2047 654 515
2068 628 2099 653 43
2113 642 2149 647 -

1506 675 1544 696 est
1564 671 1648 703 figura
1663 672 1848 697 incarnationis
1862 675 1887 697 et
1901 672 2029 703 passionis
2050 673 2101 697 516
2116 672 2148 698 44

1557 729 1593 734 -
1623 716 1671 741 Per
1701 715 1783 741 rubos
1821 716 1997 748 intelliguntur
2030 716 2150 742 homines

1506 759 1642 792 haeretici,
1675 767 1689 785 a
1721 759 1819 793 quibus
1856 760 2004 786 detinentur
2041 759 2150 792 superbi

1506 804 1556 829 163
1576 804 1627 829 102

1559 849 1630 874 nuru
1652 863 1685 866 —
1704 848 1946 884 designatlbeatam
1967 849 2074 874 Mariam
2096 849 2150 874 Vir-

1506 893 1594 925 ginem
1616 893 1658 918 Vll
1679 893 1712 918 26
1732 894 1764 918 68
1784 907 1820 912 -·
1840 893 1886 918 fuit
1905 893 2042 919 benedicta
2063 894 2096 919 29
2115 894 2149 919 79

1506 952 1541 956 —
1561 940 1653 969 typum
1674 937 1741 969 gerit
1760 938 2025 969 contemplativorum
2045 938 2096 963 150
2116 937 2149 963 57

1563 1204 1691 1229 5110311005
1711 1219 1743 1222 -
1774 1204 1954 1229 Sacerdotium
1985 1205 2030 1229 fuit
2054 1204 2151 1236 duplex

1510 1248 1551 1273 Vll
1573 1248 1623 1273 483
1645 1249 1673 1273 31
1701 1262 1730 1266 -
1753 1249 1826 1274 Ritus
1839 1249 1976 1274 sacerdotii
1992 1249 2081 1280 legalis
2095 1252 2150 1274 erat

1509 1293 1622 1318 servitus
1642 1293 1693 1318 560
1714 1293 1746 1318 63
1766 1307 1800 1312 —·
1820 1293 2001 1319 Sacerdotium
2031 1297 2106 1318 vetus
2125 1297 2151 1319 et

1509 1343 1608 1362 novum
1629 1337 1752 1362 differunt
1771 1338 1838 1363 sicut
1864 1338 2015 1363 memoriale
2035 1338 2151 1363 muneris

1509 1384 1534 1406 et
1554 1381 1640 1412 ipsum
1662 1388 1757 1407 munus
1783 1382 1816 1407 36
1846 1383 1896 1407 113
1916 1396 1951 1401 -
1971 1383 2150 1408 Sacerdotium

1510 1428 1585 1450 vetus
1605 1432 1658 1451 non
1686 1425 1801 1451 habebat
1828 1426 1949 1458 spiritum
1980 1427 2026 1452 nisi
2052 1427 2152 1452 ratione

1509 1469 1571 1494 novi
1605 1470 1765 1500 testamenti,
1790 1471 1862 1502 quod
1892 1470 2088 1502 praefigurabat
2118 1472 2150 1497 38

1511 1514 1562 1539 119
1580 1528 1616 1531 -
1635 1514 1816 1543 Sacerdotium
1837 1518 1913 1540 vetus
1932 1519 1971 1540 est
1984 1515 2069 1547 figura
2083 1515 2153 1541 Chri-

1511 1558 1544 1583 sti
1563 1558 1614 1584 596
1636 1558 1669 1583 34

1564 1617 1599 1620 -
1618 1603 1753 1629 Exsecutio
1773 1603 1851 1628 officii
1870 1603 2038 1629 sacerdotalis
2053 1604 2078 1629 in
2092 1605 2151 1636 lege

1511 1647 1593 1673 veteri
1612 1647 1727 1673 debebat
1746 1648 1802 1673 fleri
1829 1648 1976 1674 secundum
2005 1655 2151 1680 congruen-

1510 1691 1572 1717 tiam
1592 1692 1699 1723 ordinis,
1712 1692 1867 1724 exigentiam
1882 1693 2079 1718 consuetudinis
2092 1700 2153 1719 cum

1510 1737 1655 1762 assistentia
1682 1737 1854 1762 multitudinis
1883 1737 1927 1762 Vll
1950 1737 1981 1762 14
2002 1738 2044 1769 13,
2065 1737 2098 1762 15
2117 1751 2152 1756 -

1510 1784 1569 1806 ante
1597 1781 1748 1806 exercitium
1779 1781 1913 1807 ministerii
1945 1781 2152 1813 purificabantur

1511 1825 1544 1850 20
1564 1825 1597 1850 36
1616 1838 1652 1844 -
1671 1832 1764 1851 omnes
1791 1825 1917 1858 orabant,
1942 1826 2006 1851 dum
2035 1833 2154 1852 consum-

1511 1872 1625 1894 maretur
1645 1869 1801 1895 sacrificium
1821 1870 1850 1895 15
1866 1870 1899 1895 15
1913 1884 1948 1890 -
1960 1871 2076 1902 Ρο00105
2094 1871 2155 1896 3551-

1511 1913 1595 1939 513531
1607 1914 1737 1939 sacerdoti
1748 1915 1810 1940 hora
1823 1914 1919 1940 incensi
1931 1915 1992 1940 foris
2001 1922 2080 1941 orans
2093 1915 2154 1941 ibid.

1565 1972 1600 1976 —
1619 1958 1767 1984 Sacerdotis
1786 1959 1902 1984 officium
1932 1959 1956 1984 in
1986 1959 2043 1991 lege
2072 1960 2154 1985 veteri

1512 2005 1567 2028 erat
1585 2003 1704 2034 leprosos
1722 2003 1815 2028 eiicere
1834 2007 1860 2028 et
1879 2004 2019 2029 mundatos
2038 2004 2155 2036 recipere

1514 2047 1556 2072 Vll
1578 2047 1628 2072 120
1648 2047 1691 2079 31,
1711 2047 1744 2073 32

1566 2105 1600 2110 -
1620 2094 1740 2124 tempore
1759 2093 1814 2117 lesu
1835 2092 1927 2118 Christi
1958 2099 2010 2118 non
2039 2093 2153 2118 institue-

1514 2135 1609 2162 bantur
1627 2143 1675 2168 per
1695 2137 1857 2168 unctionem,
1878 2136 1925 2162 sed
1951 2143 1998 2169 per
2024 2140 2153 2163 terrenam

1514 2183 1668 2212 potestatem
1690 2180 1730 2205 Vll
1749 2180 1783 2206 70
1805 2180 1819 2206 4
1839 2195 1872 2199 -
1898 2182 2030 2213 Tempore
2061 2181 2154 2207 Christi

1514 2228 1662 2251 cessaverat
1680 2225 1767 2250 unctio
1787 2225 1925 2251 sacerdotii
1943 2225 2038 2251 levitici
2058 2225 2119 2252 ibid

1567 2282 1601 2288 —
1630 2269 1740 2295 totaliter
1765 2269 1890 2295 avaritiae
1915 2269 2099 2296 deserviebant
2129 2271 2152 2296 in

1512 2313 1611 2345 templo
1631 2314 1662 2338 Vl
1683 2313 1733 2339 273
1754 2314 1782 2339 21
1807 2328 1842 2332 —-
1860 2321 1891 2340 ex
1911 2314 2019 2340 avaritia
2039 2315 2073 2340 de
2093 2318 2155 2340 tem-

1513 2358 1556 2390 plo
1576 2359 1688 2384 fecerant
1708 2359 1808 2389 forum,
1829 2362 1856 2384 ut
1884 2358 2034 2385 volentibus
2062 2360 2154 2385 offerre

1513 2410 1566 2428 non
1593 2403 1697 2428 deesset
1720 2402 1817 2428 oblatio
1846 2406 1871 2428 et
1899 2404 2012 2435 pretium
2037 2403 2097 2430 ibid.
2121 2417 2155 2423 —

1514 2446 1657 2473 Consilium
1677 2447 1768 2472 mortis
1786 2447 1879 2473 Christi
1899 2448 2026 2480 processit
2042 2455 2056 2473 a
2075 2455 2157 2474 sacer-

1514 2490 1620 2516 dotibus
1653 2491 1703 2516 408
1738 2492 1771 2516 68
1802 2506 1836 2510 --
1869 2499 1916 2524 per
1951 2492 2077 2518 invidiam
2116 2500 2156 2518 ex-

1514 2535 1611 2560 caecati
1631 2539 1692 2561 sunt
1711 2536 1753 2561 Vll
1773 2536 1820 2561 501
1850 2537 1865 2561 2
1885 2550 1919 2554 --
1940 2536 2045 2562 Peccata
2071 2543 2156 2562 sacer-

1514 2579 1606 2605 dotum
1627 2580 1730 2605 suerunt
1750 2580 1861 2606 maxima
1881 2587 1960 2606 causa
1973 2580 2158 2607 destructionis

1514 2624 1606 2656 templi
1626 2623 1676 2650 498
1695 2624 1730 2649 70
1750 2639 1783 2643 -
1803 2624 1990 2651 Sacerdotibus
2014 2625 2157 2658 imputatur

1515 2668 1661 2701 specialiter
1680 2669 1769 2701 templi
1790 2670 1934 2701 profanatio
1955 2669 2005 2695 499
2025 2670 2058 2695 72
2157 2662 2159 2665 ’

1568 2727 1604 2732 -
1623 2713 1648 2739 111
1663 2714 1705 2738 via
1718 2721 1732 2738 a
1747 2714 1885 2739 lerusalem
1900 2715 1925 2740 in
1939 2715 2037 2740 iericho
2050 2719 2156 2747 propter

1515 2758 1653 2783 avaritiam
1673 2758 1792 2790 despexit
1810 2759 1914 2784 fratrem
1935 2759 2100 2784 vulneratum
2117 2759 2156 2784 Vll

1517 2802 1567 2827 269
1588 2801 1622 2827 55
1641 2815 1676 2820 -—
1695 2802 1752 2827 eius
1772 2802 1991 2828 immisericordia
2011 2803 2096 2834 magis
2120 2810 2148 2828 re

1516 2845 1700 2878 prehensibilis
1720 2846 1765 2871 fuit
1784 2846 1811 2871 in
1830 2853 1861 2871 eo
1880 2853 1960 2879 quam
1980 2847 2007 2872 iu
2020 2847 2076 2872 aliis
2098 2854 2154 2879 per-

1516 2890 1588 2916 sonis
1606 2890 1658 2915 270
1679 2890 1712 2915 56

1569 2948 1604 2953 -
1623 2934 1735 2966 Spiritus
1754 2937 1860 2960 sanctus
1873 2935 1951 2960 multa
1967 2935 2062 2960 nobilia
2076 2942 2155 2967 opere

1516 2978 1594 3004 etiam
1615 2985 1662 3010 per
1692 2979 1774 3003 malos
1802 2978 1952 3004 sacerdotes
1973 2979 2031 3004 facit
2051 2979 2083 3004 Vl
2106 2979 2154 3004 408

1517 3022 1551 3047 69
1570 3036 1605 3042 -
1623 3022 1701 3047 etiam
1722 3022 1781 3047 mali
1801 3022 1938 3048 reverendi
1959 3026 2018 3047 sunt
2038 3021 2099 3048 ibid.
2123 3037 2150 3041 -

1517 3066 1666 3092 Sacerdotis
1684 3066 1799 3092 officium
1819 3073 1869 3091 non
1883 3070 1922 3091 est
1934 3067 2156 3092 contemnendum

1518 3110 1560 3135 Vll
1592 3111 1641 3135 120
1670 3110 1703 3136 29
1728 3123 1763 3129 -
1792 3110 1956 3136 Sacerdotale
1985 3111 2100 3136 officium
2119 3115 2157 3136 est

1518 3154 1698 3179 venerandum
1722 3155 1765 3179 121
1790 3154 1818 3178 31
1844 3168 1877 3172 -
1897 3154 1945 3186 Qui
1966 3154 2159 3180 0031313311ᾱί-

1521 3197 1648 3229 gnitatem
1677 3197 1863 3223 sacerdotalem
1892 3205 1905 3223 a
1932 3198 2042 3223 Domino
2071 3199 2157 3224 sanari

1517 3248 1569 3267 non
1589 3244 1674 3273 potest
1693 3241 1744 3267 435
1764 3242 1796 3267 29

1571 3298 1606 3304 -
1630 3285 1815 3311 Sacerdotibus
1840 3286 1899 3311 data
1925 3290 1964 3311 est
1990 3289 2106 3318 potestas
2133 3290 2159 3312 et

1518 3328 1633 3354 officium
1653 3329 1686 3354 ad
1705 3329 1861 3355 solvendum
1882 3330 1913 3355 Vl
1934 3330 1985 3355 406
2005 3329 2038 3355 63
2059 3344 2092 3348 -
2111 3330 2162 3356 Ra·
