2427 3872
430 219 494 244 LEV

199 276 235 282 —
253 263 301 288 Per
319 262 412 288 decem
431 263 550 294 leprosos
563 263 712 296 intelligitur
732 263 786 289 uni-

146 307 257 333 versitas
295 309 462 338 peccatorum
499 308 664 339 peccantium
695 311 785 333 contra

147 351 306 383 decalogum
325 350 368 376 Vll
384 350 435 376 434
450 351 482 376 26
496 365 529 369 —
543 355 657 384 quatuor
671 352 696 377 in
711 354 785 384 porta

145 395 278 421 Samariae
297 395 435 426 designant
453 395 708 428 quadriformitatem
726 403 785 422 cau-

145 446 190 465 sae
209 439 310 471 peccati
328 438 390 465 ibid.
411 453 444 458 —-
464 440 582 465 mundati
602 442 663 466 sunt
683 447 729 472 por
748 440 785 466 di-

145 483 237 509 vinum
257 483 397 515 imperium
417 483 469 509 435
489 484 521 509 28
541 498 576 502 —
594 491 732 516 regressus
750 484 784 510 ad

145 528 242 560 gratias
261 528 379 559 agendas
397 527 529 560 significat
553 529 678 554 unitatem
703 529 784 554 eccle-

144 572 274 598 siasticam
294 571 329 598 ib.
351 572 379 597 3¹
403 587 438 590 —
457 579 472 597 a
485 572 587 599 Christo
601 575 707 598 curatus
726 573 784 598 mit-

144 616 206 642 titur
219 616 253 642 ad
266 616 416 642 sacerdotes
434 616 462 642 in
479 617 658 642 testimonium
679 617 725 642 424
750 617 783 642 32

198 660 290 686 [ενιτᾼ
311 674 345 678 —
360 660 387 686 in
401 661 443 686 via
457 667 472 686 a
485 661 624 686 Ierusalem
638 661 665 686 in
685 661 783 686 {ericho

144 711 175 730 ex
194 704 298 736 pigritia
319 705 401 730 noluit
419 705 526 731 visitare
545 706 651 731 fratrem
665 706 785 731 vulnera-

144 751 199 774 tum
221 749 262 775 Vll
282 749 333 774 270
354 750 387 775 56
406 763 441 769 -
459 750 517 775 Fuit
536 749 561 775 in
580 757 611 775 eo
631 749 717 781 magis
745 756 782 775 re-

143 792 318 825 prehensibile
337 800 418 826 quam
448 793 473 819 in
499 794 556 819 aliis
583 793 704 826 personis
732 800 785 819 non

142 837 249 863 visitare
269 837 434 863 vulneratum
454 836 515 864 ibid.

196 896 231 899 —
260 884 353 913 typum
381 881 495 907 ostendit
522 882 712 914 Prophetarum
741 881 784 907 Vll

143 925 190 951 271
215 926 249 951 63

196 970 248 995 Lex
268 985 303 988 —
322 970 447 996 naturalis
466 970 563 1003 scripta
592 973 631 996 est
650 970 676 996 in
704 970 785 996 corde

143 1014 257 1039 hominis
276 1014 308 1039 Vl
329 1014 381 1040 207
401 1021 427 1040 v.
442 1015 474 1040 43
494 1029 528 1033 -
549 1018 657 1041 naturae
676 1015 785 1041 interius

143 1059 272 1090 impressa
291 1061 330 1084 est
350 1058 374 1084 in
394 1058 520 1084 omnibus
540 1059 582 1084 Vll
604 1059 655 1084 484
676 1059 709 1084 34

197 1116 233 1122 -
252 1102 346 1128 dieitur
365 1103 468 1134 lumen,
487 1103 549 1136 quia
568 1103 697 1129 illuminat
716 1103 786 1128 intel-

143 1147 252 1180 lectum;
273 1147 468 1179 incorruptum,
488 1148 550 1180 quia
569 1147 691 1180 purificat
709 1148 751 1173 vel
770 1154 784 1173 a

143 1191 311 1223 corruptione
324 1194 463 1217 conservat
478 1192 599 1217 affectum
620 1192 652 1218 Vl
664 1192 715 1217 223
728 1199 755 1217 v.
770 1191 785 1216 4

142 1249 178 1254 —
197 1234 336 1261 observata
356 1235 484 1261 illuminat
497 1235 548 1261 374
569 1236 602 1261 43

196 1294 232 1305 v—
253 1280 281 1305 ln
296 1280 487 1306 considerando
505 1280 591 1311 legem
612 1280 729 1305 divinam
750 1280 786 1305 di-

142 1324 226 1356 ligens
250 1324 362 1350 efficitur
388 1325 468 1350 homo
488 1324 513 1349 in
532 1323 700 1350 observantia
721 1324 786 1356 leg1s

143 1369 177 1394 Vl
197 1369 247 1394 308
269 1369 297 1394 31
324 1368 351 1393 1*

195 1426 231 1432 -
250 1413 348 1445 pendet
366 1420 380 1438 a
406 1413 543 1439 dilectione
566 1412 612 1438 Dei
631 1415 657 1438 et
675 1412 785 1444 proximi

143 1457 185 1483 Vll
206 1457 257 1483 346
276 1458 308 1482 20
322 1471 357 1476 -
370 1457 464 1483 Christi
478 1457 596 1483 consistit
608 1457 634 1482 in
647 1457 786 1482 dllectione

142 1501 256 1534 proximi
276 1501 322 1527 274
346 1501 374 1526 64
393 1515 428 1520 -
441 1501 486 1526 Dei
500 1501 666 1533 adimpletur,
679 1501 785 1534 quando

142 1553 196 1572 non
215 1546 299 1572 solum
319 1545 402 1571 verbo
428 1548 453 1571 et
475 1545 574 1577 animo,
594 1552 687 1570 verum
706 1545 784 1570 etiam

142 1591 209 1616 sacto
228 1590 365 1622 proximus
392 1590 556 1623 quicumque
583 1590 704 1622 indigens
726 1596 786 1621 sup-

142 1637 261 1667 portatur
281 1633 343 1660 ibid.

196 1693 231 1697 —-
250 1678 319 1704 Finis
337 1678 403 1711 legis
423 1678 560 1709 naturalis,
586 1678 728 1711 mosaicae,
749 1679 785 1704 le-

142 1723 207 1755 galis
226 1725 265 1748 est
284 1723 378 1749 caritas
405 1723 440 1748 Vl
470 1723 520 1748 449
541 1730 566 1748 v.
587 1723 619 1748 19
638 1736 674 1741 -
693 1722 783 1748 Custo-

142 1767 206 1794 ditio
224 1768 313 1799 legum
333 1771 372 1793 est
390 1774 469 1793 causa
489 1770 689 1793 consummatae
703 1767 784 1792 incor-

141 1811 270 1844 ruptionis
288 1811 430 1843 spiritualis
449 1814 502 1837 tam
523 1811 616 1837 mentis
635 1818 715 1844 quam
730 1818 784 1837 eor-

142 1856 215 1888 poris
234 1856 259 1881 in
281 1856 412 1887 praesenti
431 1855 494 1881 ibid.

194 1914 230 1918 —
249 1900 338 1925 divina
358 1903 464 1926 accusat
491 1900 605 1925 animam
634 1899 784 1925 adulteran-

140 1947 194 1980 tem
216 1945 246 1969 Vl
272 1943 323 1970 573
344 1945 359 1969 2
389 1958 423 1962 —-
448 1944 538 1970 divina
563 1946 670 1969 accusat
694 1951 783 1970 secun*

141 1988 206 2014 dum
228 1989 314 2014 sorum
335 1988 445 2014 iustitiae
464 1988 515 2014 570
535 1996 562 2014 v.
583 1988 615 2013 40

195 2046 231 2051 -
244 2033 360 2058 veritatis
372 2033 545 2065 impugnatur
556 2033 686 2058 haeretica
699 2032 785 2065 pravi-

143 2080 202 2108 tate,
222 2077 311 2109 gentili
330 2077 531 2109 superstitione,
550 2077 654 2102 ludaica
674 2077 784 2109 pertidia

143 2124 168 2146 et
188 2122 300 2147 fraterno
319 2121 460 2147 schismate
478 2121 522 2146 Vll
544 2121 594 2147 434
616 2121 648 2147 27
662 2136 698 2140 —-
716 2121 785 2147 veri-

143 2166 202 2191 tatis
221 2165 335 2191 consistit
350 2165 374 2191 in
388 2165 571 2191 observatione
590 2165 709 2197 decalogi
722 2164 784 2191 ibid.

197 2224 230 2229 —-
250 2210 425 2236 communiter
450 2213 556 2242 accepta
584 2209 785 2241 comprehendit

143 2257 220 2280 vetus
239 2257 424 2280 testamentum
445 2255 477 2279 Vl
497 2255 548 2279 392
570 2253 603 2279 45
622 2269 657 2272 -
677 2254 703 2278 10
723 2253 785 2285 lapi-

144 2298 200 2324 deis
219 2298 314 2324 tabulis
334 2299 380 2324 suit
399 2299 496 2330 scripta
516 2299 558 2323 Vll
579 2298 629 2323 588
650 2298 665 2322 6
678 2311 713 2316 -
726 2304 784 2329 pro-

144 2346 202 2375 pter
221 2342 402 2368 auctoritatem
416 2342 524 2368 iubendi
539 2341 725 2374 appropriatur
738 2341 784 2366 Pa-

146 2387 179 2412 tri
198 2387 244 2412 604
269 2386 302 2412 57

198 2445 231 2449 -
251 2431 327 2463 Quod
347 2431 372 2456 in
391 2437 420 2456 ea
435 2430 581 2456 continetur
594 2432 633 2455 est
645 2430 783 2461 irrefraga-

145 2474 230 2500 biliter
247 2482 340 2500 verum
359 2479 384 2501 et
397 2478 497 2500 certum
511 2474 554 2499 Vll
575 2474 620 2499 601
644 2474 677 2500 57
696 2488 732 2493 -
745 2477 784 2500 est

145 2519 321 2544 testimouium
342 2519 448 2544 firmum
468 2521 493 2544 et
511 2518 689 2544 authenticum
704 2518 766 2545 ibid.

196 2577 232 2582 —-
250 2563 439 2589 lnexcusabiles
458 2566 518 2589 sunt
537 2563 582 2595 qui
603 2569 657 2588 non
674 2564 784 2589 audiunt

144 2608 242 2639 Legem
271 2608 314 2633 Vll
344 2607 395 2633 424
420 2607 453 2632 59
478 2621 512 2625 —-
536 2607 667 2633 audienda
696 2610 735 2633 est
761 2608 784 2633 ei

144 2650 293 2677 obediendo
318 2651 369 2677 425
394 2652 423 2677 64
447 2666 482 2669 -
502 2651 552 2683 Qui
577 2654 663 2677 tantae
682 2652 784 2678 veritati

143 2696 267 2721 resistunt
285 2695 408 2721 obdurati
421 2699 447 2721 et
461 2695 587 2721 inhabiles
600 2698 660 2721 sunt
679 2696 713 2722 ad
732 2704 785 2722 cre-

145 2740 262 2765 dendum
277 2739 338 2766 ibid.
351 2754 386 2759 —
403 2740 452 2772 Qui
466 2742 551 2765 tantos
562 2743 640 2765 testes
650 2747 702 2766 non
713 2741 785 2768 audit

144 2783 295 2809 obediendo
319 2785 455 2810 veritatem
476 2784 523 2810 Dei
543 2785 685 2810 contemnit
703 2784 766 2811 ibid.

198 2843 231 2846 —
252 2828 418 2860 promittebat
438 2827 570 2854 Christum
594 2829 710 2854 futurum
740 2829 783 2854 Vll

147 2871 196 2897 413
218 2872 251 2897 30
270 2885 305 2890 ——
325 2872 502 2898 testimonium
531 2872 652 2904 perhibet
672 2872 784 2898 incarna-

145 2918 187 2941 tae
207 2916 355 2947 Sapientiae
375 2915 426 2941 424
446 2915 479 2941 59
499 2929 534 2934 —
553 2916 580 2940 ln
600 2916 669 2947 Lege
682 2917 786 2948 praedi-

145 2963 239 2985 cuntur
253 2960 353 2991 omnia,
367 2966 435 2992 quae
448 2960 515 2985 circa
536 2958 667 2985 Christum
687 2960 787 2986 accide-

146 3007 208 3029 runt
226 3004 260 3029 de
279 3004 402 3035 passione
421 3007 446 3029 et
464 3004 656 3029 resurrectione
682 3004 727 3029 604
752 3005 785 3029 57

145 3062 180 3065 -
200 3050 334 3073 attestatur
352 3048 450 3079 gloriae
463 3047 556 3073 Christi
570 3050 595 3073 et
607 3048 721 3079 passioni
735 3048 786 3074 234

146 3089 180 3115 54
209 3104 243 3108 -
271 3093 310 3115 est
339 3093 427 3116 contra
462 3090 571 3116 ludaeos
599 3094 786 3123 persequentes

144 3133 276 3160 Christum
298 3134 329 3160 Vl
351 3134 395 3159 49¹
421 3135 436 3159 8

199 3192 234 3197 -
253 3178 392 3210 Praecepta
411 3179 489 3210 Legis
507 3180 567 3204 suut
580 3178 786 3209 sacramentalia,

145 3222 345 3247 caeremonialia
371 3225 396 3247 et
424 3223 532 3248 moralia
558 3222 601 3248 Vll
631 3222 664 3247 54
695 3221 726 3246 44
751 3236 786 3240 -

147 3266 224 3297 Legis
245 3266 398 3292 mandatum
418 3273 471 3292 nou
499 3269 538 3292 est
563 3265 786 3298 praetereundum

149 3310 198 3335 120
227 3310 259 3335 29
290 3324 323 3328 —
352 3310 458 3344 antiqua
486 3311 633 3337 declaratur
652 3316 666 3335 a
684 3308 786 3336 Christo

812 175 848 208 IN
872 175 1165 209 COMMENTARIOS
1189 177 1217 209 S.
1243 177 1469 211 SCRIPTURAE

824 263 893 289 bona
913 266 938 289 et
956 263 1083 290 divinitus
1101 265 1151 290 lata
1180 267 1239 290 ante
1265 266 1465 292 consummatio-

822 314 883 333 nem
905 308 950 333 424
976 308 1009 334 32

875 365 912 370 -
930 358 981 377 000
1002 351 1134 377 iudicabat
1154 352 1288 378 hominem
1307 353 1363 379 sine
1383 354 1466 387 inqui-

822 395 914 421 sitione
935 395 967 421 Vl
988 395 1039 421 352
1059 396 1109 427 68,
1129 396 1163 421 69
1182 410 1217 414 -
1241 404 1294 422 non
1321 397 1466 423 damnabat

821 446 984 473 quemquam
1004 439 1060 465 sine
1079 442 1232 466 accusatore
1251 441 1303 466 357
1324 441 1357 466 46
1370 455 1406 461 -
1424 449 1465 467 oc-

822 484 885 510 cidit
904 487 929 509 et
948 483 1040 515 punit,
1053 490 1106 509 non
1121 484 1231 509 ministri
1244 485 1308 516 legis
1323 486 1364 511 Vll
1377 485 1411 510 78
1432 486 1464 511 34

875 541 910 547 —-
930 527 1052 553 Doctrina
1071 528 1136 559 legis
1156 528 1236 560 Moysi
1264 535 1356 561 aspera
1384 532 1424 555 est
1440 533 1466 555 et

822 572 888 598 dura
909 572 942 597 Vl
963 572 1013 597 322
1034 572 1062 597 24
1087 585 1123 590 -
1141 573 1167 597 10
1196 573 1267 604 Lege
1291 572 1465 599 servabantur

822 616 945 641 mandata
964 622 996 641 ex
1009 616 1102 642 timore
1117 616 1167 642 440
1188 616 1221 642 24
1235 630 1270 636 -
1284 618 1309 643 10
1323 618 1393 649 Lege
1411 624 1465 643 non

821 662 876 685 erat
896 660 1020 686 meritum
1040 660 1087 685 521
1113 661 1145 685 42
1170 675 1205 679 -
1224 661 1345 693 promisit
1364 664 1463 687 tantum

821 704 934 736 gratiam
953 706 979 729 et
998 704 1135 730 veritatem
1155 707 1181 730 et
1199 712 1253 730 non
1272 705 1345 731 dedit
1364 705 1416 730 255
1429 706 1463 730 38

821 762 858 767 -
885 748 966 780 Moysi
991 749 1090 774 nullam
1118 748 1255 774 sanitatem
1285 749 1393 775 contulit
1417 750 1464 775 ho-

823 792 887 818 mini
908 793 950 818 Vll
980 792 1026 818 271
1060 793 1093 818 63
1113 807 1148 812 -
1167 796 1274 825 peccata
1298 793 1397 825 arguit,
1417 794 1463 819 sed

823 837 978 870 pertransit,
998 836 1060 869 quia
1080 837 1268 869 indulgentiam
1282 844 1335 863 non
1354 838 1464 870 largitur

823 880 885 907 ibid.

876 940 911 945 —
930 926 1049 958 Tempus
1074 926 1139 958 legis
1168 926 1299 952 mosaicae
1327 926 1464 952 ordinatur

822 970 856 995 ad
876 973 982 1002 tempus
1001 970 1101 1002 gratiae
1129 970 1161 996 Vl
1182 971 1232 996 300
1253 971 1286 996 68
1306 984 1342 989 -
1360 971 1400 996 Ad
1429 971 1464 996 le-

823 1021 885 1046 gem
905 1017 1022 1040 veterem
1052 1014 1199 1046 pertinebat
1225 1015 1296 1048 loqui
1325 1015 1353 1040 in
1372 1015 1465 1047 figuris

823 1059 959 1084 veritatem
979 1058 1162 1084 claudentibus
1175 1066 1222 1091 per
1237 1058 1359 1084 umbram
1379 1062 1405 1085 ct
1417 1058 1464 1084 ob-

822 1103 974 1129 scuritatem
995 1103 1046 1128 299
1067 1103 1100 1128 65
1120 1117 1153 1121 -
1173 1106 1229 1129 erat
1248 1102 1343 1129 umbra
1357 1104 1464 1129 luminis

822 1147 940 1173 veritatis
958 1148 1126 1179 evangelicae
1147 1148 1189 1173 Vll
1207 1148 1258 1173 238
1279 1148 1313 1173 67
1332 1162 1367 1167 --
1386 1149 1464 1174 Τ810-

823 1198 874 1223 pus
886 1191 963 1223 Legis
975 1195 1014 1217 est
1032 1199 1083 1217 nox
1101 1194 1209 1224 propter
1223 1191 1346 1217 umbram
1366 1192 1464 1218 litterae

823 1236 969 1268 figurarum
990 1236 1021 1261 Vl
1041 1236 1088 1261 524
1117 1236 1146 1261 12
1162 1251 1195 1254 -
1209 1236 1307 1262 Umbra
1326 1236 1404 1268 Legis
1417 1243 1465 1268 per

823 1280 953 1307 Christum
975 1287 1103 1306 conversa
1122 1283 1162 1306 est
1175 1281 1200 1306 in
1214 1281 1353 1306 veritatem
1368 1281 1418 1306 270
1431 1281 1463 1306 42

876 1338 911 1343 -
929 1325 999 1350 Finis
1024 1325 1101 1356 Legis
1129 1328 1168 1350 est
1196 1331 1244 1356 per
1271 1325 1465 1350 inchoationem

823 1369 884 1394 novi
905 1369 1052 1394 testamenti
1078 1369 1120 1394 Vll
1145 1368 1195 1394 413
1217 1369 1245 1394 31
1270 1383 1305 1387 -
1325 1369 1463 1400 Praecepta

824 1413 916 1445 legalia
936 1414 1040 1439 suerunt
1058 1415 1240 1438 consummata
1266 1420 1314 1445 per
1333 1413 1465 1439 Christum

823 1457 857 1483 64
878 1457 911 1482 90
939 1471 974 1476 -
993 1457 1097 1489 Legalia
1123 1460 1213 1483 vetera
1232 1460 1306 1483 erant
1325 1457 1463 1483 transitura

824 1501 876 1528 545
896 1502 928 1527 23
943 1515 978 1520 -
1001 1502 1117 1527 mosaica
1136 1508 1184 1534 per
1200 1501 1331 1528 Christum
1350 1504 1389 1527 est
1407 1508 1465 1527 eva-

823 1549 899 1572 cuata
920 1545 969 1571 413
990 1546 1023 1571 30

877 1604 912 1609 -
932 1593 1021 1616 manet
1039 1593 1168 1623 quantum
1188 1591 1222 1616 ad
1246 1590 1408 1622 spiritualem
1429 1590 1463 1615 in-

823 1634 991 1666 telligentiam
1017 1634 1247 1660 caeremonialium
1276 1637 1302 1660 et
1329 1634 1463 1659 litteralem

822 1677 1019 1705 observantiam
1040 1679 1179 1704 moralium
1193 1679 1234 1704 Vll
1251 1679 1300 1704 4¹3
1315 1679 1348 1703 30
1369 1693 1402 1696 -
1422 1685 1464 1704 ve-

823 1726 872 1755 tus,
891 1723 950 1749 licet
977 1723 1098 1749 videatur
1117 1723 1279 1753 transitoria,
1300 1729 1408 1748 manens
1427 1726 1461 1748 ta-

822 1774 884 1793 men
904 1770 943 1793 est
961 1768 1047 1799 magis
1070 1774 1151 1800 quam
1181 1767 1316 1792 mundana
1344 1770 1463 1792 creatura

823 1811 874 1837 4¹4
895 1812 928 1837 33
947 1825 982 1830 -
1001 1812 1049 1837 Per
1068 1812 1238 1837 mutationem
1267 1811 1333 1836 ritus
1352 1812 1462 1842 pascha-

821 1856 852 1881 lis
878 1859 964 1882 cetera
983 1856 1060 1887 Legis
1084 1856 1251 1881 Sacramenta
1276 1856 1318 1881 vel
1341 1855 1409 1881 iussa
1429 1855 1462 1881 ad

821 1900 996 1932 spiritualium
1016 1899 1211 1925 observantiam
1232 1899 1411 1925 transferenda
1430 1900 1464 1925 51-

821 1945 979 1977 gnificantur
998 1943 1049 1969 546
1070 1943 1103 1969 24
1117 1943 1191 1968 —in
1211 1943 1354 1975 Evangelio
1373 1950 1463 1969 secun-

823 1989 886 2014 dum
901 1988 1029 2020 optimam
1044 1987 1253 2013 convenientiam
1267 1988 1356 2014 finitur
1370 1987 1395 2013 in
1408 1994 1464 2020 pas-

822 2033 895 2058 sione
914 2032 1008 2058 Christi
1029 2032 1062 2057 Vl
1083 2031 1133 2057 342
1157 2032 1187 2056 18

823 2109 827 2112 Α
875 2078 919 2102 Lm
938 2090 974 2095 —
992 2077 1018 2102 in
1037 2083 1086 2101 suo
1105 2071 1206 2102 cantico
1220 2076 1306 2109 figura
1318 2079 1357 2102 est
1370 2076 1465 2102 Mariae

823 2120 939 2152 Virginis
959 2121 1001 2146 Vll
1022 2120 1054 2145 30
1075 2120 1118 2145 85.
1141 2121 1168 2146 31
1194 2120 1227 2145 90

874 2166 982 2190 Licinus
1001 2178 1034 2182 —
1054 2171 1130 2190 mons
1149 2165 1216 2190 altus
1241 2164 1371 2196 significat
1394 2164 1464 2190 Chri-

822 2211 890 2234 stum
912 2209 945 2234 Vl
965 2209 1011 2234 244
1037 2209 1053 2234 5

876 2255 952 2279 Lim-:u
971 2268 1006 2271 —
1025 2253 1116 2285 triplex
1136 2254 1179 2279 Vll
1200 2253 1251 2279 415
1271 2254 1303 2279 33
1319 2267 1354 2272 -
1372 2256 1412 2279 est
1424 2253 1465 2279 tri-

822 2298 894 2329 plex,
913 2304 967 2330 quo
987 2297 1113 2323 excitatur
1132 2299 1212 2323 homo
1226 2298 1261 2324 ad
1274 2298 1392 2324 divinam
1405 2304 1465 2329 gra-

822 2342 885 2368 tiam
905 2342 1102 2374 suscipiendam
1123 2342 1174 2368 336
1195 2343 1227 2367 88

875 2401 911 2405 -
924 2386 1042 2412 canonici
1057 2385 1154 2412 debent
1166 2393 1281 2418 purgare
1301 2393 1417 2412 errorem
1432 2386 1464 2411 Vl

823 2432 838 2456 8
858 2438 884 2464 q.
904 2431 929 2457 3.
949 2438 1004 2463 arg.
1025 2432 1040 2456 2
1062 2445 1095 2449 -
1114 2437 1204 2456 sacrae
1229 2430 1379 2462 Scripturae
1404 2433 1466 2455 sunt

822 2475 856 2501 ad
876 2475 1054 2507 generandam
1075 2475 1154 2501 fidem
1174 2474 1207 2501 ib.
1227 2482 1254 2507 q.
1274 2474 1298 2500 4.
1321 2482 1378 2506 arg.
1397 2475 1412 2499 3
1431 2488 1465 2492 —

822 2527 912 2546 sacrae
937 2520 1087 2551 Scripturae
1112 2519 1210 2551 Spiritu
1238 2522 1327 2545 sancto
1352 2519 1465 2544 dictante

822 2567 882 2590 sunt
900 2564 963 2589 editi
982 2563 1045 2589 ibid.
1066 2577 1101 2583 --
1120 2563 1204 2589 Libris
1232 2563 1383 2595 Scripturae
1411 2569 1463 2588 cre-

823 2609 886 2635 dere
905 2608 1034 2634 dehemus
1054 2607 1087 2634 ib.
1112 2607 1140 2633 3*
1167 2621 1203 2627 -
1231 2607 1361 2633 Sententia
1389 2606 1465 2632 libro-

823 2660 881 2679 rum
902 2659 1038 2679 sacrorum
1061 2655 1099 2677 est
1118 2652 1277 2678 attendenda
1296 2652 1312 2677 7
1332 2659 1358 2684 q.
1378 2652 1393 2676 3

877 2711 910 2715 -
930 2699 1064 2722 creaturae
1084 2696 1161 2722 docet
1179 2703 1228 2722 nos
1256 2696 1289 2722 de
1320 2695 1407 2721 Verbo
1431 2695 1465 2720 in-

823 2744 909 2767 creato
928 2741 972 2766 Vll
993 2740 1043 2766 470
1063 2741 1097 2765 60
1110 2754 1146 2759 -
1160 2740 1310 2772 Scripturae
1328 2740 1405 2766 docet
1418 2747 1466 2765 nos

823 2785 856 2811 de
877 2784 964 2811 Verbo
984 2785 1116 2810 incarnato
1135 2783 1197 2810 ibid.
1216 2798 1251 2802 —
1272 2784 1297 2809 ln
1316 2783 1382 2809 libro
1396 2790 1465 2809 crea-

824 2832 896 2855 turae
915 2829 1020 2854 vidctur
1040 2829 1128 2854 divina
1155 2828 1277 2853 maiestas
1305 2828 1357 2853 235
1377 2828 1411 2853 59
1430 2841 1465 2847 —-

824 2874 849 2898 ln
869 2872 935 2898 libro
956 2872 1107 2903 Scripturae
1125 2871 1229 2897 videtur
1254 2872 1344 2897 divina
1364 2871 1465 2896 humili-

823 2920 862 2942 tas
882 2915 944 2942 ibid.
965 2930 1000 2935 —
1019 2916 1169 2947 Scripturae
1189 2918 1214 2940 et
1237 2918 1372 2941 creaturae
1399 2915 1465 2940 desi-

824 2964 937 2992 gnantur
956 2960 983 2985 iu
1001 2966 1110 2985 ascensu
1125 2962 1150 2984 et
1163 2959 1290 2984 descensu
1305 2965 1353 2990 per
1368 2959 1463 2984 scalam

824 3003 908 3036 iacob,
922 3010 969 3035 per
982 3003 1097 3036 aquilam
1108 3006 1133 3028 et
1145 3003 1201 3028 eius
1215 3003 1308 3034 pullos,
1319 3009 1366 3034 per
1379 3009 1465 3034 egres-

824 3055 882 3073 sum
903 3050 929 3072 et
948 3047 1097 3078 ingressum
1117 3053 1163 3078 per
1182 3047 1278 3072 ostium
1295 3045 1355 3072 ibid.

877 3105 911 3110 —
930 3094 968 3116 est
993 3091 1107 3122 cognitio
1127 3091 1217 3116 divina
1244 3091 1286 3116 Vll
1306 3090 1356 3115 263
1377 3090 1410 3115 35
1432 3103 1464 3107 -

824 3135 976 3166 simpliciter
1000 3138 1039 3160 est
1063 3135 1178 3166 cognitio
1206 3135 1331 3166 simplicis
1359 3134 1466 3159 notitiae

824 3177 886 3204 ibid.
899 3193 931 3197 —-
947 3179 973 3204 ln
992 3178 1058 3204 libro
1077 3179 1228 3211 simpliciter
1248 3178 1336 3204 omnia
1349 3177 1465 3203 scribun-

825 3225 866 3247 tur
886 3221 947 3248 ibid.

877 3280 913 3284 —
930 3266 1000 3292 vitae
1028 3266 1132 3298 dicitur,
1151 3266 1213 3300 quia
1238 3266 1265 3291 in
1293 3266 1351 3297 ipso
1376 3265 1464 3297 scripti

1797 226 1849 252 LlM
2077 185 2140 219 783

1502 274 1558 293 ram
1579 269 1657 294 homo
1678 270 1885 301 praedestinatus
1898 274 1937 297 est
1950 272 1983 297 ad
2004 273 2083 298 vitam
2098 274 2141 299 Vll

1502 312 1553 337 263
1574 312 1607 338 34
1627 327 1662 331 -
1682 313 1750 339 vitae
1776 318 1815 340 851
1839 316 1954 347 cognitio
1973 316 2142 348 approbatio-

1502 355 1541 381 nis
1561 355 1594 382 ib.
1613 357 1647 382 35
1660 358 1733 383 —ln
1753 357 1819 384 libro
1838 359 1906 384 vitae
1923 360 1983 385 mali
2000 367 2052 386 non
2072 361 2141 386 inve·

1502 399 1605 425 nientur
1624 400 1733 426 finaliter
1752 402 1840 434 scripti
1860 402 1893 429 tb.
1916 403 1949 428 34
1963 418 1998 423 -
2011 411 2062 430 000
2083 412 2142 431 mu-

1503 446 1571 469 tatur
1590 443 1652 470 ibid.
1666 459 1700 463 -—
1720 446 1745 470 ln
1765 452 1797 471 eo
1817 447 1889 472 multi
1909 447 2032 473 videntur
2051 449 2140 480 scripti

1502 488 1648 513 secundum
1668 493 1832 520 praesentem
1854 491 1990 523 iustitiam,
2003 492 2049 524 qui
2063 499 2141 524 appa·

1501 530 1597 557 rcbunt
1607 539 1659 557 non
1673 533 1762 565 scripti
1776 534 1922 559 secundum
1936 535 2052 560 divinam
2067 543 2141 568 prae-

1501 575 1636 601 scientiam
1665 575 1727 602 ibid.
1751 591 1786 596 —
1812 578 1839 603 ln
1865 578 1931 604 libro
1959 580 2027 605 vitae
2053 581 2141 612 scripti

1501 622 1562 644 sunt
1581 622 1679 645 tantum
1700 620 1763 646 boni
1783 621 1891 647 finaliter
1910 625 1936 647 et
1948 624 2063 649 salvandi
2078 623 2140 650 ibid.

1501 663 1577 688 —ln
1597 663 1662 689 libro
1676 664 1745 689 vitae
1767 666 1912 691 secundum
1935 667 2071 692 veritatem
2090 675 2141 693 non

1501 706 1652 733 scribuntur
1673 708 1721 733 nisi
1741 708 1851 734 finaliter
1870 709 1931 735 boni
1951 710 1985 736 ib.
2004 711 2038 735 35
2053 725 2086 729 —
2105 712 2142 736 De

1502 750 1568 777 libro
1597 752 1666 777 vitae
1693 752 1775 778 deleri
1799 760 1851 778 non
1878 757 1988 785 possunt
2012 755 2056 787 qui
2084 759 2142 780 sunt

1501 796 1591 828 scripti
1610 796 1739 828 scriptura
1760 797 1946 829 praescientiae
1966 798 2018 824 264
2037 799 2071 824 35

1554 841 1717 867 [1011001015
1735 854 1770 860 -
1789 843 1903 873 perfecta
1918 843 1993 874 plura
2007 843 2086 875 exigit
2101 843 2142 868 Vll

1502 884 1553 910 476
1573 885 1606 910 42
1626 898 1661 904 ——
1681 885 1707 910 ln
1726 885 1878 911 liberalitate
1905 893 1958 911 non
1977 887 2074 918 spolia,
2095 887 2141 912 sed

1501 929 1570 954 dona
1590 932 1753 962 quaeruntur
1780 929 1841 956 ibid.
1867 945 1901 948 —
1929 938 1982 963 quo
2007 931 2142 963 indulgen-

1502 973 1566 1006 tior,
1586 980 1617 999 eo
1638 973 1839 999 inexcusabilior
1867 975 2015 1006 pervicacia
2035 975 2085 1000 504
2107 976 2139 1000 13

1501 1032 1536 1035 -
1564 1018 1649 1044 dantis
1677 1019 1752 1044 offert
1779 1025 1807 1044 se
1835 1018 1998 1051 beneplacito
2029 1020 2142 1051 petentis

1503 1061 1548 1087 474
1574 1062 1606 1087 64

1555 1106 1681 1132 Limine
1701 1120 1735 1124 —
1761 1107 1859 1133 Servus
1888 1107 1987 1139 indiget
2012 1111 2037 1133 et
2057 1111 2141 1139 potest

1501 1149 1606 1176 liberari
1635 1157 1682 1182 per
1709 1151 1801 1177 Filium
1830 1152 1863 1177 Vl
1883 1151 1934 1176 364
1956 1151 1988 1176 49
2007 1166 2043 1171 —
2062 1152 2140 1178 Filius

1502 1201 1550 1221 nos
1563 1194 1682 1221 liberavit
1695 1195 1850 1221 redimendo
1863 1195 1896 1222 ib.
1911 1197 1938 1221 51
1955 1211 1988 1214 -
2003 1196 2141 1228 Redempti

1501 1246 1594 1265 sumus
1616 1246 1630 1264 a
1649 1239 1759 1271 Christo,
1779 1243 1807 1264 ut
1825 1240 1907 1265 simus
1926 1239 1999 1265 liberi
2019 1239 2080 1266 ibid.
2105 1254 2141 1259 —

1502 1284 1605 1309 Veritas
1617 1283 1709 1309 liberat
1719 1290 1733 1308 a
1744 1284 1819 1315 culpa
1830 1287 1855 1309 et
1868 1285 2035 1316 corruptione
2045 1285 2095 1310 363
2109 1285 2141 1310 47

1556 1342 1590 1346 —
1616 1328 1653 1353 De
1681 1327 1832 1353 liberatione
1859 1335 1873 1353 a
1902 1332 2029 1360 potestate
2057 1335 2142 1360 perse-

1503 1372 1640 1404 quentium
1660 1372 1729 1397 Deus
1748 1376 1787 1397 est
1805 1372 1951 1398 laudandus
1974 1373 2016 1398 Vll
2037 1373 2069 1398 40
2093 1373 2141 1398 127

1503 1430 1538 1433 -
1557 1415 1669 1441 Liberati
1689 1422 1736 1447 per
1749 1415 1880 1442 Christum
1897 1416 1974 1442 nobis
1986 1417 2076 1442 datum
2091 1423 2142 1442 ser-

1503 1460 1577 1484 viunt
1595 1460 1707 1485 Domino
1728 1458 1761 1485 ib.
1782 1460 1827 1485 431

1556 1517 1591 1520 -
1609 1502 1764 1528 Liberantur
1776 1510 1790 1528 a
1805 1504 1873 1528 malo
1887 1504 1933 1536 qui
1945 1503 2055 1529 audiunt
2068 1503 2142 1530 Chri-

1502 1549 1572 1572 stum
1586 1546 1718 1572 credendo
1733 1550 1758 1572 et
1771 1546 1919 1573 obediendo
1933 1548 1975 1573 Vll
1990 1547 2022 1573 40
2041 1548 2082 1573 131
2107 1561 2143 1567 -

1501 1589 1631 1616 Liberatio
1654 1590 1756 1616 animae
1784 1591 1938 1622 poenitentis
1963 1598 1978 1616 a
2004 1592 2143 1621 tentatione

1501 1634 1599 1660 diaboli
1618 1635 1771 1667 designatur
1798 1635 1824 1660 in
1852 1635 1986 1661 sedatione
2014 1636 2142 1667 procellae

1502 1679 1553 1704 200
1574 1679 1607 1704 43

1555 1724 1678 1749 Lmiznns
1691 1737 1726 1742 —
1739 1726 1778 1749 est
1791 1724 1945 1756 quintuplex
1957 1724 1990 1750 Vl
2005 1724 2056 1749 575
2070 1732 2095 1750 v.
2109 1724 2142 1750 36

1554 1781 1590 1785 —
1603 1768 1672 1793 Deus
1684 1768 1782 1793 homini
1795 1768 1868 1794 dedit
1881 1767 1993 1794 liberum
2004 1768 2142 1794 arbitrium

1501 1811 1534 1837 Vl
1554 1811 1582 1836 5¹
1598 1819 1623 1844 q⁴
1639 1812 1648 1836 ¹
1667 1826 1702 1831 —
1715 1812 1861 1844 Unicuique
1880 1813 2050 1838 committitur
2069 1812 2143 1838 liber-

1501 1859 1539 1882 tas
1559 1856 1704 1882 voluntaria
1733 1856 1776 1882 Vll
1797 1856 1848 1882 504
1869 1857 1901 1882 43
1921 1872 1956 1875 -
1979 1857 2071 1883 Libera
2098 1858 2142 1883 ho-

1501 1900 1578 1926 minis
1602 1901 1723 1926 voluntas
1751 1903 1871 1926 servatur
1896 1901 1946 1926 506
1978 1902 2009 1926 18
2035 1915 2069 1919 —
2090 1908 2142 1927 non

1501 1945 1569 1976 perit
1588 1944 1614 1969 in
1635 1945 1795 1970 confirmatis
1813 1951 1862 1970 nec
1886 1945 1912 1970 in
1941 1945 2141 1976 praedestinatis

1502 1989 1535 2014 Vl
1565 1989 1615 2015 393
1645 1989 1679 2015 55
1708 2002 1743 2007 -
1769 1989 1796 2014 ln
1824 1989 2024 2021 praedestinatis
2053 1993 2141 2015 manet

1501 2032 1602 2058 arbitrii
1630 2033 1735 2058 libertas
1761 2033 1795 2058 ad
1823 2033 1987 2064 peccandum
2016 2032 2077 2059 ibid.

1555 2091 1590 2096 —
1609 2076 1707 2102 arbitrii
1726 2077 1752 2102 in
1767 2077 1839 2102 vanis
1852 2080 1878 2102 et
1890 2076 2073 2109 peccatoribus
2093 2078 2142 2102 sre-

1502 2124 1612 2158 quenter
1631 2121 1665 2147 de
1684 2121 1798 2153 propriis
1825 2120 1928 2146 virIbus
1953 2121 2097 2152 praesumit
2117 2124 2141 2146 et

1501 2165 1550 2191 sibi
1570 2168 1681 2197 usurpat
1698 2165 1772 2198 quod
1792 2165 1837 2190 Dei
1858 2168 1897 2191 est
1917 2165 1959 2190 Vll
1980 2165 2030 2190 390
2052 2165 2084 2190 23
2107 2179 2140 2183 -

1501 2209 1625 2235 Liberum
1645 2208 1781 2234 arbitrium
1801 2209 1880 2235 debet
1893 2209 2030 2241 cooperari
2043 2209 2076 2234 ad
2090 2216 2142 2234 me-

1501 2254 1581 2279 ritum
1600 2253 1689 2279 salutis
1709 2254 1740 2279 Vl
1761 2254 1811 2279 328
1833 2253 1880 2285 60,
1907 2253 1934 2278 61
1963 2267 1999 2272 -
2017 2253 2043 2278 10
2067 2252 2142 2278 liber-

1502 2300 1553 2323 tate
1572 2297 1671 2323 arbitrii
1691 2300 1729 2323 est
1749 2304 1859 2329 peccare
1878 2300 1903 2322 et
1926 2300 1985 2329 post
2004 2301 2141 2329 peccatum

1502 2342 1637 2374 poenitere
1658 2342 1707 2367 187
1728 2349 1754 2367 v.
1778 2342 1807 2367 10

1555 2387 1640 2412 [111100
1660 2401 1693 2404 -
1714 2389 1753 2411 851
1777 2393 1852 2411 amor
1879 2385 1984 2411 rediens
2008 2386 2041 2411 ad
2071 2384 2140 2410 bona

1502 2434 1603 2456 terrena
1624 2430 1657 2456 Vl
1677 2431 1691 2455 3
1717 2431 1723 2455 ¹
1747 2437 1922 2462 —perversa
1935 2433 1973 2455 est
1987 2429 2141 2455 fundamen—

1503 2478 1557 2500 tum
1577 2474 1689 2500 civitatis
1709 2474 1848 2506 Babylonis
1865 2473 1928 2500 ibid.

1554 2532 1589 2537 —
1608 2519 1737 2544 Remissio
1762 2519 1872 2544 fervoris
1900 2517 2016 2544 libidinis
2044 2523 2082 2544 est
2111 2518 2141 2544 si-

1502 2570 1584 2595 gnum
1605 2561 1790 2588 debilitationis
1810 2563 1835 2587 in
1855 2569 1917 2588 sene
1937 2563 1968 2587 Vl
1990 2562 2023 2587 94
2037 2569 2062 2587 v.
2078 2561 2092 2587 4
2106 2577 2132 2581 -

1501 2606 1626 2633 Libidinis
1657 2608 1743 2632 servor
1769 2606 1906 2637 minuitur,
1926 2606 2033 2639 quando
2052 2606 2140 2632 deficit

1502 2652 1571 2677 calor
1590 2654 1615 2677 et
1635 2652 1730 2677 humor
1749 2649 1812 2677 ibid.

1556 2696 1640 2721 Luem
1659 2710 1695 2713 —
1714 2694 1904 2720 lmmoderatus
1922 2694 2053 2720 licitorum
2078 2700 2141 2719 usus

1503 2740 1622 2771 arguitur
1642 2739 1684 2765 Vll
1705 2738 1750 2764 44¹
1776 2738 1809 2764 47

1559 2784 1661 2809 Lloxrio
1680 2797 1715 2801 —
1735 2783 1760 2807 in
1780 2783 1892 2808 Ecclesia
1917 2786 1956 2807 est
1984 2781 2018 2807 ad
2045 2781 2142 2807 satista-

1502 2828 1615 2852 ctioncm
1636 2827 1676 2852 vel
1704 2833 1752 2858 per
1780 2826 2077 2852 excommunicationem
2106 2825 2139 2850 Vl

1503 2871 1554 2897 5¹5
1574 2871 1607 2896 52

1556 2916 1653 2940 [1011011
1672 2929 1705 2933 -
1726 2915 1774 2940 Ρ81·
1792 2914 1892 2945 lignum
1912 2912 2028 2938 Christus
2047 2919 2140 2944 opera-

1503 2962 1543 2984 tus
1563 2961 1601 2983 est
1620 2958 1730 2983 salutem
1757 2958 1789 2982 vt
1819 2957 1870 2982 325
1900 2956 1932 2981 40
1951 2971 1985 2974 -
2004 2956 2073 2981 vitae
2102 2960 2140 2981 est

1502 3001 1619 3028 Christus
1639 3002 1682 3026 Vll
1703 3001 1753 3026 574
1774 3001 1809 3026 36

1555 3059 1591 3065 -—
1609 3045 1713 3071 aridum
1733 3048 1771 3069 est
1790 3047 1911 3075 peccator
1931 3043 1973 3068 Vll
1987 3043 2038 3068 574
2059 3043 2090 3067 36
2104 3056 2139 3061 -

1502 3090 1692 3115 infructuosum
1729 3088 1840 3113 scissum
1874 3087 1929 3118 igni
1966 3086 2074 3112 traditur
2106 3087 2138 3111 Vl

1503 3134 1535 3158 83
1556 3141 1581 3158 v.
1603 3133 1617 3157 9

1555 3177 1623 3202 Lim
1643 3189 1677 3194 —
1696 3177 1815 3200 crescunt
1834 3181 1885 3200 non
1911 3175 2025 3200 humano
2043 3173 2138 3201 studio.

1502 3220 1549 3246 sed
1568 3220 1659 3246 divino
1679 3218 1791 3250 imperio
1811 3218 1853 3243 Vll
1874 3218 1920 3243 32¹
1945 3218 1978 3242 39

1555 3264 1647 3289 [111505
1659 3276 1695 3282 -
1707 3264 1772 3288 Ante
1785 3262 1928 3288 adventum
1941 3261 2034 3288 Christi
2047 3267 2142 3286 omnes

825 3309 932 3341 vivunt,
952 3310 994 3336 vel
1013 3311 1075 3343 quia
1094 3310 1240 3336 secundum
1269 3309 1325 3335 eius
1353 3309 1465 3341 scriptu·
1503 3306 1679 3340 properabant
1698 3307 1732 3332 ad
1751 3306 1862 3332 limbum
1882 3306 1914 3331 Vl
1934 3305 1967 3331 74
1987 3312 2014 3330 v.
2036 3305 2066 3330 ¹0
