2476 3921
94 1455 153 1479 Item,
162 1459 247 1481 repara-

109 1484 141 1502 tor
156 1481 247 1507 quadru-

108 1508 160 1534 plici
174 1507 246 1528 modo.

113 1613 200 1635 Liberat
214 1619 226 1633 a

96 1640 158 1667 culpa
164 1640 249 1661 actuali.

165 1826 240 1847 Aliter.

97 2146 158 2170 Item,
169 2145 196 2166 ab
206 2145 247 2166 ori-

138 2173 211 2199 ginali.

258 242 298 274 98

256 332 303 362 est
326 329 407 361 bona
438 324 634 358 annuntiatio
651 325 673 362 ¹,
698 323 781 355 unde
812 322 843 354 in
875 325 981 354 nostra
1013 320 1216 353 translatione

256 382 389 415 dicitur:
415 379 468 412 Act
491 376 764 410 annuntiandum
781 374 966 407 mansuetis
988 374 1081 406 misit
1102 382 1162 405 me.
1181 372 1216 404 Et

257 436 331 468 huic
367 432 534 466 concordat
567 430 645 463 illud
668 430 791 462 Nahum
814 428 933 470 primo:
963 427 1087 465 «Ecce,
1120 434 1216 467 super

256 491 378 520 montes
398 485 491 528 pedes
515 482 755 525 evangelizantis
771 484 802 514 et
825 479 1041 515 annuntiantis
1057 487 1166 521 pacem
1179 491 1194 506 »
1208 490 1215 517 ;

256 545 287 574 et
312 541 405 573 Isaiae
421 536 682 581 quinquagesimo
706 534 861 568 secundo:
889 534 1016 575 «Quam
1040 531 1143 574 pulcri
1164 540 1216 563 su-

256 603 313 637 per
338 595 459 626 montes
474 591 569 634 pedes
584 588 799 622 annuntiantis
819 591 850 620 et
867 585 1076 629 praedicantis
1092 593 1216 627 pacem,

255 646 469 681 annuntiantis
484 645 602 677 bonum
613 669 620 682 ,
645 641 853 685 praedicantis
869 641 1002 673 salutem
1016 652 1045 671 ι).
1063 639 1146 671 Hanc
1162 646 1217 670 au-

256 706 319 734 tem
347 700 464 733 dicitur
486 697 625 730 maxime
646 694 856 738 pauperibus
880 693 1041 731 nuntiare,
1073 691 1148 734 quia
1179 690 1218 723 ad

256 762 411 797 pauperes
446 750 604 784 inchoavit
642 757 840 786 sermonem;
877 746 1022 779 Matthaei
1058 745 1169 787 quinto
1186 743 1216 776 ²:

261 821 275 836 a
294 807 377 840 Beati
404 813 560 848 pauperes
583 802 697 845 spiritu
717 815 752 840 »,
777 804 808 834 et
832 809 887 842 per
904 807 1059 842 pauperes
1083 806 1218 840 pauper-

256 863 351 893 tatem
368 859 436 891 aliis
459 856 666 900 praedicavit:
692 854 836 887 Matthaei
854 852 1038 886 undecimo:
1068 864 1083 880 «
1100 851 1219 892 Paupe-

257 921 309 946 res
339 911 594 953 evangelizantur
615 923 645 940 n.
678 909 739 941 Nec
771 907 906 945 mirum,
937 905 1012 947 quia
1042 904 1158 937 dicitur
1186 903 1218 934 in

258 966 393 999 Psalmo:
417 978 431 993 «
448 957 578 1005 Propter
599 961 757 994 miseriam
774 960 902 1002 inopum
927 962 958 991 et
974 958 1126 1000 gemitum
1141 965 1219 998 pau-

258 1028 371 1062 perum
395 1026 479 1050 nunc
511 1024 680 1057 exsurgam
703 1028 717 1042 n
747 1017 805 1046 etc.
831 1013 882 1044 llis
912 1012 1024 1053 utique
1054 1009 1220 1042 annuntiat

258 1073 408 1109 salutem,
433 1070 508 1112 quia
523 1068 595 1101 alibi
609 1068 637 1099 ³:
660 1080 675 1095 «
688 1067 796 1099 Parcet
812 1064 942 1107 pauperi
960 1067 991 1097 et
1006 1063 1089 1105 inopi
1107 1066 1138 1095 et
1154 1062 1219 1094 ani-

257 1135 324 1158 mas
347 1131 523 1167 pauperum
540 1122 641 1154 salvas
663 1120 754 1152 faciet
768 1132 783 1147 »
810 1122 868 1151 etc.
894 1118 930 1150 Et
945 1120 1075 1159 propter
1098 1116 1158 1148 hoc
1173 1115 1220 1148 di-

257 1180 340 1213 citur
363 1188 381 1211 a
405 1177 524 1219 Spiritu
547 1178 578 1208 et
602 1184 619 1206 a
643 1173 774 1206 Domino
797 1173 929 1210 missus;
958 1171 1054 1203 Isaiae
1084 1169 1220 1212 quadra-

257 1233 374 1276 gesimo
398 1234 525 1264 octavo:
556 1242 571 1257 <1
588 1228 674 1261 Sicut
689 1227 773 1259 misit
789 1235 839 1258 me
863 1225 1014 1257 Dominus
1031 1227 1062 1256 et
1085 1223 1220 1265 Spiritus

258 1287 325 1320 eius
343 1299 372 1317 n.
404 1298 418 1313 «
436 1285 467 1316 In
492 1284 551 1316 hoc
583 1290 658 1324 ergo
690 1280 894 1322 cognovimus
929 1278 1090 1311 caritatem
1116 1276 1171 1309 Dei
1188 1290 1219 1315 »,

258 1340 333 1383 quia
360 1352 376 1368 «
393 1338 477 1370 misit
500 1336 610 1369 Filium
636 1343 731 1367 suum
748 1347 779 1372 »‚
804 1333 924 1375 primae
948 1331 1069 1364 Ioannis
1092 1334 1216 1373 quarto.

348 1393 400 1426 38.
425 1391 530 1424 Tertio
554 1389 733 1422 insinuatur
758 1391 936 1429 reparator
957 1395 1018 1428 per
1049 1384 1220 1427 passionis

258 1446 456 1484 remedium,
481 1452 553 1477 cum
577 1442 720 1475 additur:
747 1441 878 1473 Sanare
901 1438 1078 1476 contritos,·
1106 1437 1191 1480 quod
1206 1438 1220 1457 4

259 1500 385 1543 quidem
410 1499 523 1531 liberat
546 1506 564 1529 a
587 1495 675 1529 malo
699 1494 815 1536 eulpae
838 1492 982 1525 actualis
1012 1495 1043 1524 et
1070 1491 1220 1534 0ri9ina-

261 1555 320 1593 lis,
344 1563 362 1586 a
386 1552 540 1585 caecitate
563 1548 707 1582 rationis
738 1551 768 1581 et
800 1546 996 1588 infirmitate
1029 1544 1219 1577 voluntatis.

261 1627 302 1632 —
320 1607 444 1639 Liberat
467 1604 578 1646 utique
601 1612 620 1635 a
644 1601 731 1634 malo
756 1599 900 1632 actualis
923 1598 1059 1639 eitlpae;
1091 1600 1221 1638 propter

260 1660 344 1703 quod
367 1659 501 1691 dicitur:
528 1657 658 1689 Sanare
682 1653 840 1686 contritos
856 1651 972 1689 eorde,
992 1650 1077 1682 misit
1093 1649 1220 1682 scilicet.

260 1713 302 1746 Ad
320 1711 514 1745 curationem
532 1707 663 1741 actualis
680 1706 790 1747 culpae
806 1703 983 1736 necessaria
998 1705 1045 1735 est
1062 1710 1134 1734 cum
1151 1710 1221 1743 pas-

261 1766 346 1799 sione
370 1763 484 1796 Christi
509 1760 654 1794 contritio
679 1757 900 1801 poenitentiae:
927 1755 1107 1788 Psalmus5:
1133 1754 1222 1795 «Qui

261 1821 349 1851 sanat
373 1816 524 1849 contritos
540 1813 634 1847 corde
647 1826 676 1844 ».
692 1830 735 1835 —-
751 1811 806 1843 Vel
832 1810 889 1842 hoc
905 1808 1039 1847 dicitur,
1065 1807 1139 1850 quia
1155 1807 1223 1849 ipsa

261 1872 353 1913 culpa
377 1869 508 1903 actualis
532 1872 632 1900 totum
658 1866 757 1898 robur
781 1864 902 1896 animae
925 1861 1057 1903 frangit;
1082 1861 1222 1893 Threno-

263 1935 333 1958 rum
353 1923 503 1957 secundo:
527 1935 541 1950 «
554 1922 663 1963 Magna
678 1919 765 1952 velut
782 1926 869 1950 mare
885 1915 1030 1949 contritio
1048 1918 1102 1947 tua
1115 1928 1130 1943 »
1148 1917 1221 1953 etc.;

261 1983 292 2012 et
316 1977 556 2011 proverbiorum
581 1974 702 2007 decimo
726 1972 854 2015 quinto:
884 1983 899 1998 «
917 1970 1049 2011 Lingua,
1067 1977 1148 2010 quae
1165 1968 1222 2000 im-

262 2033 421 2065 moderata
445 2033 510 2069 est,
535 2030 676 2062 conteret
699 2026 845 2068 spiritum
862 2038 892 2055 ».

352 2086 402 2118 39.
429 2084 531 2126 (Vers.
559 2082 634 2122 19).
659 2080 783 2113 Liberat
813 2081 919 2111 autem
949 2087 966 2109 a
995 2076 1083 2109 malo
1107 2075 1224 2118 eulpae

262 2138 460 2182 originalis,-
485 2139 614 2179 propter
645 2133 729 2176 quod
760 2132 904 2165 additur:
931 2131 971 2163 Et
990 2130 1002 2149 ⁶
1023 2129 1224 2172 praedicare

262 2192 402 2234 captivis
426 2189 662 2223 remissionem.
688 2187 796 2219 Merito
820 2194 915 2218 causa
930 2183 1090 2226 originalis
1113 2183 1224 2224 culpae

262 2246 420 2288 captivum
455 2243 654 2276 detinebatur
686 2249 786 2283 genus
818 2239 991 2271 humanum
1028 2246 1046 2269 a
1079 2236 1223 2274 diabolo;

262 2300 356 2333 Isaiae
387 2296 648 2341 quinquagesimo
679 2293 834 2327 secundo:
864 2292 1054 2324 «Excutere
1084 2290 1123 2323 de
1154 2289 1224 2331 pul-

263 2362 355 2391 vere,
380 2353 552 2392 consurge,
577 2348 666 2386 sede,
692 2346 877 2384 Ierusalem;
903 2345 987 2378 solve
1011 2343 1137 2376 vincula
1154 2342 1222 2375 colli

263 2406 327 2445 tui,
345 2405 468 2446 captiva
484 2403 547 2436 filia
564 2402 646 2435 Sion.
663 2401 743 2442 Quia
755 2400 832 2432 haec
848 2398 923 2431 dicit
938 2398 1105 2430 Dominus:
1122 2396 1225 2428 Gratis

264 2458 432 2492 venundati
462 2456 536 2489 estis
567 2458 598 2488 et
633 2455 698 2487 sine
726 2456 856 2495 argento
880 2450 1110 2484 redimemini»
1143 2453 1224 2487 etc.;

264 2511 347 2544 unde
372 2509 539 2543 Zachariae
555 2517 655 2541 nono:
686 2519 701 2535 «
714 2507 761 2538 Tu
785 2509 891 2537 autem
908 2504 938 2536 in
964 2503 1115 2544 sanguine
1132 2504 1225 2534 testa-

263 2564 359 2596 menti
385 2563 430 2595 tui
454 2561 583 2595 emisisti
609 2560 729 2593 vinctos
752 2558 790 2591 de
814 2558 884 2589 lacu
901 2569 916 2585 ³>
946 2559 1003 2588 etc.
1030 2555 1065 2587 Et
1088 2555 1148 2586 hoc
1178 2557 1225 2586 est

338 2749 347 2764 ²
367 2749 419 2776 Csr.
439 2755 519 2781 supra
539 2755 602 2780 pag.
624 2747 654 2777 5,
674 2750 734 2771 nota
755 2745 780 2771 4.
798 2743 944 2770 Translatio
963 2743 1027 2774 alia,
1041 2749 1109 2775 quae
1122 2741 1228 2767 subiun-

268 2796 351 2827 gitur,
371 2797 409 2820 est
431 2794 556 2825 Vulgatae
570 2792 626 2817 lsai.
640 2791 683 2821 61,
700 2791 722 2815 1.
736 2790 792 2815 Duo
806 2796 880 2821 seqq.
894 2788 942 2813 loci
956 2791 1016 2813 sunt
1030 2787 1132 2812 Nahum
1147 2787 1171 2816 11,
1186 2786 1227 2811 15.

267 2843 292 2865 et
311 2839 367 2864 lsai.
387 2838 435 2869 52,
454 2837 479 2862 7.

339 2881 349 2896 ²
370 2883 444 2907 Vers.
466 2882 489 2907 3.
509 2895 543 2900 ·-
563 2882 714 2912 Sequuntur
734 2879 820 2903 Matth.
840 2878 881 2909 tt,
901 2877 925 2902 5.
944 2879 970 2901 et
988 2877 1030 2901 Ps.
1052 2876 1092 2906 tt,
1112 2875 1135 2900 6.

338 2926 349 2941 ⁸
369 2927 462 2952 Psalm.
481 2926 525 2957 7l,
546 2926 587 2951 113.
607 2939 642 2943 —
662 2923 779 2949 Subinde
798 2922 942 2953 allegantur
961 2920 1017 2946 lsai.
1038 2919 1085 2952 48,
1106 2919 1146 2944 16,
1167 2921 1192 2944 et
1211 2918 1228 2943 1.

268 2974 336 2998 loan.
351 2972 375 3002 4,
390 2972 421 2996 9:
437 2972 462 2996 ln
476 2972 526 2996 hoc
539 2969 662 3001 apparuit
675 2968 769 2993 caritas
783 2966 828 2992 Dei
843 2966 866 2991 in
887 2964 978 2997 nobis,
997 2964 1123 2997 quoniam
1137 2963 1228 2988 Filium

269 3023 346 3042 suuni
362 3016 528 3047 unigenitum
549 3014 619 3041 misit
632 3014 714 3044 Deus;
735 3013 781 3037 cfr.
803 3012 832 3043 3,
853 3011 899 3042 46,
920 3009 963 3035 nbi
977 3011 1118 3035 occurrunt
1131 3007 1228 3033 verba:

270 3061 299 3086 In
319 3059 369 3086 hoc
388 3059 563 3093 cognovimus
583 3057 725 3085 caritatem
744 3055 806 3088 Dei,
827 3051 955 3089 qnoniam
975 3052 1019 3080 itte
1037 3053 1160 3079 animam
1180 3055 1229 3077 etc.

339 3102 350 3118 ⁴
371 3104 396 3129 ln
416 3104 438 3129 D
457 3103 572 3129 secunda
592 3108 687 3127 manus
706 3099 839 3126 substituit
858 3105 946 3133 qttos,-
966 3098 987 3124 Η
1008 3097 1086 3129 legit:
1111 3094 1182 3123 unde
1201 3095 1230 3122 in

269 3150 402 3182 quantum
429 3149 575 3181 reparator
604 3145 700 3173 liberat
723 3148 772 3171 etc.
793 3144 899 3171 inferius
919 3150 968 3176 pro
987 3141 1144 3177 infirmitate
1170 3141 1228 3168 Vat.

269 3192 435 3219 enormitate.

341 3235 352 3250 ⁵
372 3237 466 3262 Psalm.
487 3236 552 3267 ⁴46,
572 3236 597 3261 3.
615 3249 650 3254 —
669 3235 726 3260 Duo
746 3241 820 3267 seqq.
840 3233 888 3259 loci
908 3235 969 3259 sunt
987 3233 1084 3258 Thren.
1103 3232 1134 3263 2,
1150 3231 1192 3257 ⁴3.
1205 3233 1230 3256 et

271 3281 348 3306 Prov.
368 3281 415 3312 45,
436 3280 460 3306 4.

342 3323 354 3338 ⁰
374 3325 484 3357 Vulgata
503 3324 597 3350 omittit
625 3324 666 3350 Et.
692 3323 809 3349 Subinde
828 3326 887 3355 post
906 3322 1001 3349 Merito
1021 3322 1041 3347 Α
1061 3321 1087 3354 (a
1113 3320 1229 3347 secunda

273 3370 362 3399 manu)
382 3369 403 3393 ll
423 3368 525 3393 addunt
543 3367 628 3399 enim,
657 3367 679 3392 D
708 3368 733 3399 (a
758 3366 872 3392 secunda
901 3367 991 3398 manu)
1020 3365 1075 3396 vel,
1095 3365 1116 3390 G
1136 3356 1236 3390 omittit·

274 3417 365 3437 caasa.
386 3424 420 3429 —
440 3412 589 3442 Sequuntur
609 3411 665 3435 lsai.
685 3411 732 3441 52,
752 3411 777 3435 2.
796 3417 850 3442 seq.
871 3413 896 3435 et
914 3411 1022 3435 Zacliar.
1040 3410 1069 3440 9,
1091 3409 1133 3434 Μ.

849 233 1040 266 COMMENT.
1067 233 1103 264 IN
1127 230 1365 264 EVANGELIUM
1390 230 1507 263 LUCAE
1531 229 1562 261 C.
1589 229 1637 262 IV.

1281 318 1365 361 quod
1388 318 1503 351 dicitur
1521 317 1614 350 Isaiae
1631 316 1871 359 quadragesimo
1888 325 1969 348 nono
1982 316 2009 347 ⁷:
2036 328 2051 344 «
2069 315 2144 348 Dedi
2163 319 2192 347 te
2209 315 2240 347 in

1280 371 1390 404 foedus
1414 370 1536 413 populi,
1560 374 1596 402 ut
1619 370 1740 402 diceres
1759 369 1809 402 his
1832 369 1886 411 qui
1903 368 1998 401 vincti
2015 372 2106 401 sunt:
2132 368 2241 406 Exite;

1281 428 1311 457 et
1336 425 1385 457 his
1408 424 1463 466 qui
1487 423 1519 456 in
1551 422 1688 456 tenebris
1712 425 1803 455 sunt:
1828 421 2016 454 Revelarnini
2033 434 2068 460 ¹²3
2100 424 2131 454 et
2154 424 2240 462 post:

1286 490 1302 506 «ι
1319 477 1469 519 Equidem
1493 476 1656 518 captivitas
1679 484 1697 507 a
1717 475 1789 507 sorti
1806 475 1935 507 tolletur
1951 486 1982 513 »3
2004 474 2078 516 quia
2107 487 2122 502 «
2135 481 2246 506 ascen-¹

1281 530 1358 563 dens
1389 529 1533 569 Christus
1565 529 1596 561 in
1628 528 1747 567 altum,
1779 528 1933 569 captivam
1956 527 2050 559 duxit
2082 526 2243 568 captivita-

1282 586 1345 616 tem
1358 596 1389 622 »,
1418 582 1457 615 ad
1481 581 1629 624 Ephesios
1653 584 1776 623 quarto.
1803 581 1838 612 Et
1855 581 1931 613 haec
1954 580 2098 613 remissio
2115 580 2144 611 in
2162 579 2243 620 Cyro
2262 586 2346 613 Figura-

1282 636 1494 678 praefigurata
1528 635 1604 674 fuit,
1637 635 1692 677 qui
1716 634 1833 667 dimisit
1863 633 2072 675 captivitatem
2105 632 2243 665 filiorum

1282 690 1393 728 Israel;
1419 689 1513 722 Isaiae
1537 688 1777 731 quadragesimo
1805 686 1958 729 quintos:
1988 699 2004 715 α
2028 686 2243 728 Captivitatem

1282 751 1383 776 meam
1407 742 1559 780 dimittet,
1584 751 1646 774 non
1670 742 1701 774 in
1725 741 1844 783 pretio,
1872 744 1927 773 aut
1950 740 1980 772 in
2005 739 2192 772 muneribus
2212 753 2242 771 ».

1372 796 1424 828 40.
1455 796 1579 828 Liberat
1613 795 1706 828 etiam
1742 804 1760 827 a
1795 794 1949 826 caecitate
1982 792 2145 830 rationis;
2176 792 2245 825 ideo
2258 799 2407 829 mameae-

1283 849 1449 882 subditur:
1474 848 1587 881 Caeeis
1601 848 1613 867 ⁹
1637 848 1765 886 visum,
1790 847 1875 879 misit
1899 846 2016 880 scilicet
2039 855 2089 878 me
2109 845 2244 888 praedi-
2268 826 2406 872 ffiwm‘m'

1283 913 1380 941 eare;
1397 902 1481 945 quod
1505 905 1536 935 et
1552 902 1640 940 fecit,
1658 901 1739 934 sicut
1759 900 1875 933 dicitur
1891 899 2036 932 Matthaei
2060 899 2243 932 undecimo:

1289 969 1304 985 (ι
1321 956 1451 994 Euntes,
1469 955 1648 988 renuntIate
1665 954 1769 986 loanni
1798 962 1879 995 quae
1895 952 2016 985 vidistis
2039 956 2071 985 et
2098 952 2243 985 audistis:

1283 1009 1366 1041 caeci
1391 1008 1496 1041 vident
1512 1021 1527 1037 »
1556 1011 1633 1047 etc.;
1658 1007 1688 1040 in
1706 1016 1770 1049 quo
1793 1006 1988 1049 significatur
2012 1006 2151 1038 interior
2174 1005 2245 1038 illu-

1283 1062 1421 1094 minatio.
1440 1061 1524 1094 Unde
1541 1061 1662 1093 Ioannis
1678 1070 1760 1093 nono
1774 1060 1814 1092 ¹⁰:
1845 1073 1860 1088 a
1876 1060 1908 1092 ln
1933 1059 2084 1092 iudicium
2101 1068 2158 1100 ego
2174 1058 2245 1091 veni

1284 1115 1314 1147 in
1339 1114 1508 1153 mundum,
1533 1117 1568 1146 ut
1585 1114 1638 1155 qui
1657 1123 1719 1146 non
1735 1113 1842 1145 vident
1861 1113 2030 1151 videant»,
2055 1112 2085 1144 id
2109 1115 2156 1144 est
2171 1120 2245 1154 gen-

1284 1167 1367 1206 tiles,
1381 1167 1554 1200 secundum
1572 1166 1650 1199 illud
1663 1166 1757 1198 Isaiae
1773 1166 2013 1208 quadragesimo
2025 1174 2121 1197 nono:
2141 1178 2156 1192 a
2169 1164 2245 1197 Dedi

1285 1224 1315 1253 te
1331 1220 1362 1252 in
1387 1220 1488 1252 lucem
1506 1220 1645 1261 gentium
1660 1233 1690 1251 n.
1708 1219 1744 1251 Et
1760 1219 1819 1251 hoc
1835 1222 1883 1251 est
1903 1218 1987 1261 quod
2011 1218 2127 1251 dicitur
2152 1217 2246 1250 Isaiae

1285 1273 1435 1316 vigesimo
1458 1282 1558 1305 nono:
1588 1286 1604 1301 «
1620 1272 1752 1305 Audient
1775 1272 1806 1304 in
1830 1272 1880 1305 die
1904 1272 1956 1304 illa
1980 1271 2068 1304 surdi
2090 1271 2187 1304 verba
2210 1271 2246 1303 li-

1284 1327 1349 1366 bri,
1381 1330 1412 1359 et
1442 1326 1480 1359 de
1506 1326 1642 1359 tenebris
1669 1329 1700 1358 et
1728 1325 1858 1367 caligine
1889 1325 1971 1358 oculi
2000 1334 2167 1358 caecorum
2200 1324 2245 1356 vi-

1283 1381 1404 1414 debunt
1427 1393 1457 1412 12.
1491 1380 1527 1412 Et
1551 1380 1610 1412 hoc
1641 1379 1767 1421 petebat
1789 1379 1904 1412 David:
1934 1392 1949 1407 «
1970 1379 2113 1411 lllumina
2139 1378 2247 1411 oculos

1284 1443 1370 1467 meos
1384 1447 1413 1465 n.

1374 1488 1427 1520 41.
1464 1487 1589 1519 Liberat
1622 1486 1715 1519 etiam
1743 1486 1782 1519 ab
1817 1485 2013 1527 infirmitate
2047 1485 2247 1523 voluntatis;
2261 1487 2412 1536 fitetfflbinj

1285 1543 1416 1582 propter
1440 1539 1524 1581 quod
1541 1539 1762 1581 subiungitur:
1782 1540 1821 1571 Et
1834 1540 1858 1558 ¹¹
1875 1539 2038 1571 dimittere
2058 1537 2247 1580 confractos
2261 1520 2361 1563 afflatis?
2377 1520 2401 1536 vo

1285 1594 1321 1626 in
1344 1593 1588 1631 remissionem,
1614 1592 1699 1624 misit
1722 1592 1847 1624 scilicet.
1869 1590 2041 1632 Confraeti
2064 1595 2151 1630 sunt,
2169 1601 2247 1633 quo-

1286 1655 1358 1679 rum
1376 1646 1521 1678 voluntas
1545 1654 1601 1686 per
1617 1648 1779 1686 peccatum
1804 1647 1851 1677 est
1882 1644 2040 1676 infirmata
2059 1643 2097 1676 ad
2113 1643 2246 1682 bonum,

1286 1699 1368 1732 sicut
1402 1702 1476 1731 sunt
1511 1698 1587 1730 fatui
1623 1700 1823 1739 peccatores;
1860 1696 2063 1729 Ecclesiastici
2099 1696 2248 1738 vigesimo

1287 1752 1389 1795 primo
1403 1752 1447 1783 1²:
1485 1764 1501 1779 ι(
1529 1751 1588 1783 Cor
1623 1751 1699 1783 fatui
1735 1750 1824 1792 quasi
1848 1759 1903 1783 vas
1934 1749 2182 1788 confractum»;
2218 1753 2248 1781 et

1287 1806 1382 1839 Isaiae
1397 1805 1658 1848 quinquagesimo
1689 1808 1812 1837 octavo:
1844 1817 1859 1832 «
1876 1803 2003 1835 Dimitte
2027 1811 2080 1835 eos
2104 1802 2158 1844 qui
2175 1811 2248 1834 con-

1286 1860 1375 1892 fracti
1402 1862 1490 1898 sunt,
1516 1859 1673 1891 liberos».
1698 1858 1777 1890 Haec
1800 1860 1906 1890 autem
1931 1855 2100 1889 confractio
2129 1858 2175 1888 est
2199 1864 2248 1888 re-

1287 1913 1452 1956 parabilis,
1478 1912 1554 1945 dum
1578 1911 1629 1944 hic
1654 1911 1806 1950 vivimus,
1832 1910 1886 1943 scd
1910 1909 2123 1952 irreparabilis
2154 1908 2249 1941 effici-

1287 1971 1340 1999 tur
1373 1967 1403 1999 in
1440 1968 1559 2004 morte,
1592 1964 1765 1997 secundum
1803 1963 1881 1996 illud
1913 1963 2007 1996 Isaiae
2032 1962 2191 2004 trigesimo
2204 1961 2247 1994 13;

1293 2034 1307 2049 t(
1322 2019 1561 2053 Comminuetur
1578 2018 1667 2061 quasi
1693 2018 1802 2060 lagena
1818 2018 1905 2060 figuli
1929 2017 2115 2055 contritione
2139 2025 2250 2058 perva-

1288 2074 1366 2112 lida,
1391 2076 1422 2106 et
1445 2082 1507 2105 non
1532 2072 1710 2105 invenietur
1734 2071 1772 2104 de
1796 2071 1978 2113 fragmentis
2009 2070 2077 2103 eius
2101 2073 2193 2108 testa,
2218 2069 2250 2101 in

1288 2137 1352 2170 qua
1375 2130 1521 2169 portetur
1553 2125 1710 2168 igniculus
1725 2125 1764 2157 de
1788 2124 1931 2157 incendio
1948 2136 1982 2163 ”3
2007 2123 2082 2166 quia
2105 2132 2166 2155 non
2191 2122 2251 2155 erit

1289 2179 1500 2222 susceptibilis
1523 2179 1651 2221 gratiae.
1678 2178 1712 2210 Et
1748 2178 1807 2211 hoc
1830 2177 1891 2210 erit
1922 2177 1954 2210 in
1978 2176 2113 2215 iudicio,
2138 2184 2250 2208 secun-

1288 2234 1363 2267 dum
1389 2233 1466 2266 illud
1498 2232 1628 2265 Psalmi:
1657 2232 1787 2273 «Reges
1818 2240 1871 2263 eos
1902 2230 1934 2262 in
1966 2230 2055 2272 virga
2085 2228 2188 2261 ferrea
2219 2231 2250 2260 et

1289 2292 1439 2330 tanquam
1464 2296 1518 2319 vas
1542 2286 1629 2328 figuli
1662 2285 1838 2327 confringes
1862 2293 1915 2317 eos
1933 2298 1961 2316 ».
1995 2283 2053 2316 Sed
2082 2282 2175 2315 modo
2200 2290 2250 2314 re-

1289 2341 1468 2374 missionem
1485 2339 1557 2371 facit
1568 2364 1575 2377 ‚
1593 2338 1677 2380 quod
1693 2338 1864 2380 figuratum
1881 2340 1928 2370 est
1942 2336 2034 2379 primi
2051 2335 2251 2368 Machabaeo-
2269 2337 2353 2364 Figura·

1289 2403 1361 2427 rum
1386 2392 1521 2431 decimo,
1546 2391 1600 2424 ubi
1632 2391 1761 2430 dicitur,
1787 2391 1871 2433 quod
1896 2390 1955 2423 sub
1987 2389 2128 2427 Ionatha,
2153 2388 2250 2420 fratre

1290 2445 1433 2483 SimoniS,
1457 2445 1555 2477 factae
1579 2447 1652 2476 sunt
1676 2444 1793 2477 multae
1810 2443 2010 2476 remissiones
2031 2442 2159 2475 ludaeis.

1379 2500 1431 2532 42.
1457 2499 1617 2531 Postremo
1645 2498 1823 2531 insinuatur
1855 2500 2088 2530 remunerator
2108 2505 2170 2537 per
2201 2503 2251 2526 re·
2270 2497 2330 2522 stem·
2346 2501 2414 2518 remu-

1290 2551 1480 2585 tributionis
1514 2551 1698 2589 iadieiam,
1728 2551 1757 2583 in
1795 2560 1858 2593 quo
1882 2549 1975 2582 bonis
1999 2549 2032 2581 fit
2064 2546 2251 2581 universalis
2264 2525 2412 2577 quiffittinros-

1362 2738 1372 2753 ⁷
1394 2741 1468 2766 Vers.
1489 2740 1512 2764 8.
1532 2747 1588 2772 seq.
1608 2742 1633 2765 et
1652 2739 1714 2765 dein
1728 2746 1754 2764 v.
1769 2738 1816 2770 25,
1831 2740 1890 2769 post
1904 2743 1984 2769 quem
1999 2736 2063 2767 Eph.
2079 2734 2109 2767 4,
2124 2735 2148 2760 8.
2163 2734 2252 2767 (codd.

1293 2783 1453 2810 substituunt
1471 2783 1499 2809 in
1518 2783 1626 2810 Psalmo
1647 2783 1694 2815 67,
1718 2783 1762 2807 ¹9:
1783 2781 1929 2807 Ascendisti
1943 2780 1968 2805 in
1988 2780 2083 2810 altum,
2102 2779 2193 2810 cepisti
2213 2785 2253 2804 ca-

1292 2828 1457 2860 ptivitatem).

1364 2870 1374 2884 ‘³
1395 2872 1469 2897 Vers.
1490 2872 1536 2902 ta,
1556 2871 1603 2897 ubi
1622 2878 1670 2903 pro
1688 2872 1738 2897 aut
1756 2871 1868 2902 Vulgata
1886 2876 1978 2904 neque.

1364 2914 1376 2929 ⁹
1396 2916 1506 2948 Vulgata
1520 2916 1553 2942 Et
1567 2916 1669 2948 caecis;
1684 2915 1713 2948 (C
1725 2916 1746 2941 D
1764 2915 1885 2941 omittunt
1904 2914 2003 2941 misit...
2021 2913 2199 2948 praedicare).
2218 2926 2253 2931 —

1294 2960 1411 2986 Subinde
1431 2960 1556 2992 allegatur
1575 2960 1661 2986 Matth.
1682 2961 1724 2991 tl,
1745 2960 1767 2986 4.
1787 2967 1857 2993 seq.;
1877 2961 1923 2985 cfr.
1940 2960 2001 2985 Luc.
2021 2959 2050 2991 7,
2071 2959 2114 2984 22.

1365 3004 1387 3019 ¹⁰
1407 3006 1480 3031 Vers.
1501 3005 1543 3030 39.
1563 3018 1598 3024 —
1618 3005 1683 3030 Tres
1702 3011 1776 3036 seqq.
1796 3004 1843 3029 loci
1863 3006 1923 3029 sunt
1943 3003 1998 3029 lsai.
2019 3002 2067 3033 te,
2087 3003 2120 3033 6;
2140 3002 2188 3032 29,
2211 3001 2251 3026 48.

1293 3053 1319 3076 et
1338 3051 1379 3076 Pe.
1401 3050 1450 3081 42,
1471 3049 1495 3075 4.

1365 3092 1386 3108 ¹¹
1408 3094 1517 3126 Vulgata
1537 3093 1631 3120 omittit
1651 3093 1691 3119 Et.
1712 3092 1829 3118 Subinde
1848 3099 1896 3124 pro
1914 3091 1987 3118 misit
2005 3090 2105 3118 scilicet
2124 3089 2192 3124 [Vat.
2211 3089 2254 3115 ad-

1294 3140 1332 3166 dit
1349 3138 1401 3173 me]
1422 3146 1474 3165 non
1493 3138 1571 3171 pauci
1590 3137 1668 3163 codd.
1688 3136 1788 3163 dimisit
1806 3136 1919 3168 scilicet,
1939 3136 2011 3169 quod
2031 3135 2049 3162 C
2061 3136 2082 3161 D
2101 3142 2161 3161 cum
2176 3140 2250 3166 seqq.

1294 3184 1483 3216 conlungentes
1502 3185 1698 3215 prosequuntur
1718 3180 1884 3214 confractos,
1905 3187 2022 3214 qnorum
2051 3183 2114 3210 etc.;
2134 3179 2155 3204 H
2174 3177 2252 3209 legit:

1293 3228 1394 3256 scilicet
1410 3227 1497 3259 misit,
1517 3226 1559 3254 vet
1573 3226 1661 3253 unxit.
1675 3225 1783 3252 Dimisit
1795 3224 1877 3259 iqitm·
1891 3224 2058 3258 confractos,
2073 3228 2190 3257 quornm
2204 3224 2252 3246 etc.

1366 3271 1388 3287 ¹²
1408 3273 1483 3298 Vers.
1506 3272 1552 3304 17,
1572 3274 1630 3304 post
1649 3277 1729 3303 quem
1748 3270 1803 3296 lsaI.
1824 3270 1873 3300 58,
1893 3270 1917 3295 6.

1366 3315 1388 3331 ¹³
1408 3318 1484 3343 Vere.
1504 3315 1546 3342 tt.
1558 3329 1593 3335 —
1607 3314 1725 3341 Subinde
1737 3314 1881 3346 allegantur
1900 3314 1940 3338 Ps.
1960 3313 1990 3344 2,
2011 3312 2035 3337 9.
2055 3314 2080 3337 et
2099 3311 2117 3336 l.
2136 3307 2252 3335 Machab.

1297 3363 1328 3388 to
1337 3382 1343 3393 ,
1363 3363 1406 3388 28.
1425 3369 1499 3394 seqq.
