2476 3921
151 2010 282 2032 Notandum.

137 2434 225 2461 Septem
240 2434 289 2456 bea-

164 2461 280 2482 ducantur.

303 222 344 255 30
911 218 1103 250 COMMENT.
1129 218 1164 249 IN
1189 216 1425 249 EVANGELIUM
1452 217 1568 249 LUCAE
1593 218 1624 257 C,
1651 218 1670 249 l.

302 314 350 342 est
373 310 461 351 virgo
486 309 580 340 Maria
603 307 789 349 diliyenda,
814 306 1004 339 veneranda
1029 310 1059 338 et
1083 315 1154 338 cum
1171 305 1255 337 omni

301 362 428 404 fiducia
471 361 627 393 adeunda
662 364 810 402 tanquam
849 368 989 391 summae
1025 358 1257 391 misericordiae

302 419 411 447 mater.

391 468 442 499 882.
468 467 568 506 (Vers.
594 465 671 505 44).
697 465 838 497 Secundo
873 464 979 496 subdit
1015 463 1175 496 indicium
1199 472 1259 504 ap-

137 520 532 562 inflammata-probativum,
565 528 636 551 cum
665 518 756 550 dicit:
784 518 862 549 Eece
896 516 998 554 enim,
1032 520 1069 547 uc
1096 515 1191 558 faeta
1213 518 1260 547 esc

137 555 282 582 probativum.

301 583 364 605 voa:
386 571 600 604 salutacionis³
624 575 700 603 cicae
734 571 769 603 in
794 569 937 602 (turibus
960 569 1060 607 meis,
1084 568 1261 600 exsultavit

302 626 337 658 in
359 625 486 667 9audio
510 623 626 666 infans
650 623 686 655 iii
702 627 794 655 utero
812 632 900 659 mco,·
925 625 955 655 et
980 622 1038 654 hoc
1055 625 1101 654 est
1118 621 1259 663 siguum,

302 677 385 720 quod
414 690 428 705 α
446 677 558 710 diffusa
578 680 625 709 est
640 676 740 718 gratia
763 676 793 708 in
812 675 900 707 labiis
918 675 980 707 tuis
992 687 1022 713 »3
1040 678 1070 707 et
1094 677 1261 716 propterea

302 735 423 764 certum
449 734 514 769 est,
537 730 622 772 quod
644 742 659 757 «
674 729 833 762 benedixit
850 733 879 761 te
899 729 980 761 Deus
997 728 1026 760 in
1052 733 1214 760 aeternum
1229 740 1259 765 »,

302 785 333 817 in
359 784 478 817 Psalmo
492 784 513 814 ¹.
538 783 573 815 Et
596 792 636 815 ex
661 791 724 824 quo
748 782 848 814 infans
871 791 969 823 supra
991 785 1136 813 naturam
1153 780 1260 813 exsul-

302 838 394 876 tavit,
419 840 542 869 certum
559 840 620 874 est,
637 836 721 877 quod
744 835 895 867 Dominus
919 838 1050 867 naturae
1074 834 1131 866 sibi
1149 842 1260 866 occur-

302 891 389 923 rerit.
414 890 450 921 Et
473 898 513 922 ex
539 898 602 931 quo
626 888 799 921 infantulus
824 888 991 929 respondet
1007 896 1047 920 ex
1073 890 1179 925 utero,
1196 895 1261 919 eer-

302 947 369 976 tum
395 946 458 980 est,
484 946 513 975 te
545 941 723 983 concepisse
758 941 845 973 illum
877 941 930 983 qui
965 945 1052 973 vocat
1088 940 1127 972 ab
1151 943 1259 977 utero,

302 996 474 1029 secundum
499 995 575 1028 illud
608 995 701 1027 Isaiae
732 994 971 1036 quadragesimo
995 1003 1094 1026 nono:
1124 1007 1139 1021 «
1158 993 1261 1025 Domi-

302 1058 362 1081 nus
385 1049 423 1081 ah
447 1052 539 1080 utero
574 1047 695 1079 vocavit
720 1056 787 1085 me,
816 1046 854 1079 de
889 1050 998 1079 ventre
1034 1046 1143 1078 matris
1174 1054 1261 1077 meae

302 1102 484 1134 recordatus
508 1105 554 1133 est
577 1100 711 1132 nominis
735 1100 826 1131 mei»
855 1103 913 1131 etc.
939 1099 974 1131 Et
999 1107 1123 1136 rursus,
1140 1107 1181 1130 ex
1198 1107 1261 1139 quo

301 1163 381 1196 puer
404 1153 592 1191 exsultavit,
617 1156 739 1184 certum
764 1156 828 1190 est,
847 1152 906 1183 iam
924 1155 1175 1183 consummatum
1194 1159 1261 1183 esse

300 1207 454 1239 veraciter
477 1205 560 1247 quod
585 1206 617 1237 in
642 1205 742 1237 lsaia²
766 1204 899 1237 dicitur:
922 1204 1080 1236 «Exsulta
1100 1207 1131 1236 et
1155 1203 1261 1242 lauda,

301 1259 451 1292 habitatio
475 1259 565 1297 Sion,
586 1256 665 1300 'quia
700 1267 832 1300 magnus
868 1258 897 1289 in
935 1257 1036 1290 medio
1060 1256 1105 1289 tui
1130 1257 1262 1289 Sanctus

302 1313 395 1345 lsrael
411 1325 441 1351 »3
459 1315 490 1344 et
506 1312 583 1344 illud
608 1311 776 1344 Zachariae
793 1320 892 1343 nono:
914 1324 929 1339 «
948 1310 1078 1342 Exsulta
1094 1310 1184 1349 satis,
1200 1309 1263 1341 filia

301 1366 390 1404 Sion,
426 1365 537 1402 iubila,
563 1365 626 1397 iilia
662 1364 847 1402 Ierusalem3
872 1373 958 1403 ecce,
984 1372 1042 1396 rex
1079 1366 1154 1396 tuus
1178 1362 1263 1395 venit

302 1419 356 1451 tibi
381 1419 482 1451 iustus
506 1422 537 1450 et
560 1418 696 1450 salvator
713 1431 743 1449 ».
1097 1410 1099 1412 ’

390 1471 442 1504 83.
468 1471 568 1511 (Vers.
594 1471 671 1511 45).
698 1470 743 1502 Ex
760 1480 823 1511 quo
840 1470 936 1511 igitur
953 1469 1138 1501 mirabiliter
1154 1469 1263 1501 exsul-

301 1525 378 1558 tavit
395 1533 601 1566 praecursor,
619 1524 678 1556 iam
697 1528 818 1555 certum
837 1523 971 1556 habehat
994 1522 1154 1560 indicium,
1178 1521 1263 1563 quod

301 1578 423 1611 venerit
445 1577 599 1614 Salvator;
618 1580 648 1608 et
664 1576 811 1618 quoniam
829 1575 1033 1607 tantem-tum
1059 1574 1193 1606 habebat
1216 1574 1263 1605 in-

301 1630 437 1668 dicium,
462 1630 531 1662 ideo
566 1629 658 1661 tertio
693 1628 816 1661 veritati
842 1628 988 1660 subditur
1018 1627 1261 1665 testimonium,

140 1684 367 1716 resur-aoniumsive
397 1683 561 1715 oraculum
593 1681 855 1725 affirmativum,
880 1690 952 1713 cum
976 1680 1110 1712 dicitur:
1138 1681 1260 1719 Beata,

136 1720 171 1739 affl
175 1719 294 1739 rmativum.

301 1746 386 1780 quae
409 1735 598 1773 credidisti,
622 1735 782 1779 quoniam
802 1734 1018 1777 perficiemur
1041 1744 1081 1766 ed
1104 1744 1188 1777 quae
1211 1734 1261 1767 di-

301 1794 352 1822 eta
376 1793 455 1821 sunt
490 1788 549 1821 tibi
583 1798 604 1820 a
631 1788 778 1820 Domino.
803 1788 891 1820 Fides
915 1788 997 1820 enim
1022 1788 1144 1820 beatam
1170 1788 1259 1826 sacit;

301 1842 444 1875 Matthaei
469 1842 590 1874 decimo
613 1844 704 1874 sexto
717 1841 746 1872 ³:
769 1853 784 1869 «
800 1841 911 1874 Beatus
934 1850 978 1879 es,
996 1841 1101 1873 Simon
1119 1841 1259 1880 Bariona,

301 1896 375 1938 quia
406 1905 479 1928 caro
511 1899 541 1928 et
573 1894 699 1937 sanguis
723 1904 785 1927 non
812 1894 961 1927 revelavit
997 1894 1068 1933 tibi,
1092 1894 1146 1927 sed
1170 1895 1260 1927 Pater

301 1957 406 1987 meus,
431 1948 484 1990 qui
502 1948 532 1980 in
550 1948 643 1980 caelis
659 1951 706 1980 est
718 1959 749 1985 »;
767 1950 797 1980 et
815 1947 935 1980 loannis
951 1947 1114 1989 vigesimo:
1138 1961 1153 1976 «
1166 1948 1260 1987 Beati,

301 2002 355 2044 qui
379 2011 441 2033 non
465 2001 613 2034 viderunt
643 2003 674 2033 et
704 2000 907 2033 crediderunt
923 2014 953 2032 ».
979 2019 1023 2023 —
1046 2001 1129 2033 Facit
1152 2004 1258 2038 autem

301 2055 378 2087 fides
402 2055 523 2093 beatos,
547 2054 622 2095 quia
656 2053 831 2085 inchoando
866 2053 896 2085 in
921 2053 1039 2085 merito
1060 2053 1199 2094 disponit
1221 2053 1260 2086 ad

300 2107 600 2140 consummationem
624 2106 655 2138 in
670 2106 841 2147 praemio;
857 2105 896 2138 ad
912 2105 1125 2147 Philippenses
1141 2106 1259 2148 primo:

306 2173 322 2188 α
339 2160 503 2192 Confidens
526 2160 585 2192 hoc
609 2159 712 2201 ipsum
724 2184 732 2198 ,
749 2159 823 2201 quia
840 2159 893 2200 qui
911 2159 1013 2201 coepit
1029 2159 1060 2191 in
1077 2159 1165 2192 vohis
1180 2169 1261 2201 opus

301 2213 419 2245 bonum
443 2212 631 2254 perficiet»,
655 2215 687 2244 et
710 2211 770 2244 hoc
801 2211 913 2244 merito
949 2212 1037 2251 fidei;
1070 2212 1153 2245 unde
1185 2213 1261 2245 Mat-

301 2266 384 2298 thaei
409 2268 535 2298 octavo:
565 2278 580 2293 «
597 2265 695 2303 Vade,
720 2268 749 2297 et
775 2265 855 2297 sicut
879 2264 1053 2304 credidisti,
1078 2265 1132 2298 fiat
1156 2266 1210 2298 tibi
1229 2278 1259 2305 »;

301 2322 332 2352 et
356 2319 400 2351 sic
423 2319 538 2351 sactum
563 2321 611 2350 est
635 2318 757 2350 Mariae.

391 2372 443 2407 84.
469 2372 562 2410 Nota,
587 2370 672 2413 quod
701 2371 919 2404 beatificantur
950 2371 981 2404 in
1006 2372 1170 2414 Scriptura
1198 2382 1259 2405 non

301 2425 402 2458 solum
438 2424 621 2462 eredentes,
646 2424 699 2457 sed
735 2424 827 2456 etiam
863 2428 1052 2467 sperantes;
1076 2425 1259 2458 Psalmus4:

307 2491 322 2506 α
340 2478 451 2510 Beatus
475 2477 540 2516 vir,
564 2477 655 2510 cuius
678 2481 725 2510 est
758 2486 869 2510 nomen
903 2478 1024 2510 Domini
1049 2487 1120 2520 spes
1143 2478 1212 2511 eius
1228 2492 1259 2510 ι».

301 2549 346 2554 -
358 2531 444 2569 Item,
460 2530 645 2572 diliyente3;
662 2530 865 2563 Ecclesiastici
880 2531 1119 2573 quadragesimo
1135 2535 1259 2564 octavo:

307 2597 322 2613 <t
339 2584 437 2623 Beati,
461 2584 515 2626 qui
541 2587 570 2617 te
595 2584 741 2616 viderunt
772 2588 803 2617 et
827 2584 857 2616 in
882 2584 1018 2616 amicitia
1041 2588 1097 2617 tua
1123 2584 1259 2617 decorati

302 2641 376 2670 sunt
396 2651 424 2669 ».
459 2656 499 2660 —-
533 2637 628 2676 ltem,
665 2637 835 2674 timentes,-
871 2637 1075 2670 Ecclesiastici
1111 2637 1261 2679 vigesimo

302 2690 434 2732 quinto:
469 2690 631 2729 «Beatus,
661 2690 710 2723 cui
744 2690 851 2722 datum
882 2694 929 2723 est
965 2690 1081 2723 hahere
1116 2690 1260 2723 timorem

301 2743 355 2776 Dei
372 2756 403 2782 »3
429 2752 543 2776 rursus
569 2743 725 2776 Psalmus:
755 2756 770 2772 α
788 2743 900 2775 Beatus
924 2743 991 2783 vir,
1016 2743 1069 2785 qui
1088 2743 1177 2776 timet
1200 2743 1261 2776 Do-

300 2797 420 2828 minum
434 2810 464 2828 ».
483 2815 525 2819 —-
544 2796 628 2834 Item,
645 2801 832 2837 operante&
850 2796 971 2828 loannis
986 2796 1106 2829 decimo
1130 2796 1259 2829 tertio⁵:

307 2862 322 2878 α
339 2849 368 2881 Si
394 2849 470 2881 haec
494 2848 596 2893 scitis,
621 2848 701 2881 beati
726 2848 832 2887 eritis,
857 2848 881 2881 si
906 2848 1042 2882 feceritis
1065 2858 1103 2882 ea
1120 2862 1149 2888 »3
1168 2852 1198 2882 et
1215 2849 1261 2881 in-

302 2901 349 2933 fra
372 2901 554 2934 undecimo:
585 2914 600 2929 «
617 2901 717 2939 Beati,
742 2901 795 2943 qui
831 2901 964 2934 audiunt
994 2902 1126 2934 verbum
1152 2902 1206 2935 Dei
1231 2905 1262 2935 et

374 3069 381 3083 ¹
403 3070 494 3095 Psalm.
515 3069 563 3100 44,
582 3070 608 3095 3.
626 3083 662 3089 —
681 3070 804 3102 Sequitur
825 3069 879 3095 lsai.
900 3070 948 3101 49,
969 3071 992 3096 1.

373 3112 383 3127 ²
402 3113 466 3146 Cap.
489 3114 534 3145 12,
553 3115 583 3144 6,
603 3117 662 3146 post
680 3121 760 3146 quem
780 3114 888 3140 Zachar.
907 3115 939 3145 9,
959 3115 983 3140 9.

373 3155 384 3170 ¹⁵
404 3158 476 3183 Vers.
501 3158 538 3183 17.
557 3171 593 3177 --
612 3158 677 3183 Τ165
704 3165 777 3191 seqq.
807 3158 856 3184 loci
884 3161 944 3184 sunt
964 3159 1032 3184 loun.
1057 3159 1107 3190 20,
1127 3160 1176 3191 293
1196 3159 1259 3185 Phil.

304 3201 331 3232 t,
351 3201 376 3226 6.
394 3204 420 3226 et
438 3202 524 3227 Matth.
545 3202 575 3232 8,
595 3202 637 3227 13.
657 3202 727 3234 (Vnt.
746 3203 815 3228 hunc
834 3201 949 3234 omittit).

373 3243 384 3258 ⁴
404 3245 496 3270 Psalm.
516 3246 564 3275 39,
584 3245 608 3270 5.
627 3259 662 3264 -
682 3245 800 3271 Subinde
818 3246 962 3278 allegantur
981 3246 1060 3272 Eccli.
1080 3246 1127 3278 48,
1148 3247 1175 3272 11
1189 3247 1259 3279 ;·25,

304 3287 345 3312 15.
365 3291 391 3313 et
408 3288 450 3313 Ps.
470 3288 534 3318 111,
555 3289 578 3313 l.

374 3330 385 3345 ⁵
406 3332 478 3357 Vei-s.
498 3332 539 3357 17.
558 3346 593 3351 -
618 3333 769 3365 sequuntur
796 3333 858 3359 Luc.
881 3333 908 3358 tt
922 3352 929 3364 ,
958 3333 1006 3365 28;
1034 3334 1052 3359 l.
1075 3334 1140 3360 Petr.
1161 3334 1191 3367 3,
1211 3334 1256 3367 44;

304 3376 390 3401 Matth.
410 3376 439 3407 5,
461 3376 503 3401 11.
524 3380 549 3401 et
569 3377 605 3402 ΙΙΙ.
625 3377 691 3408 Reg.
712 3377 756 3407 10,
777 3377 802 3402 8.

1320 305 1501 337 custodiunt
1525 305 1601 337 illud
1618 318 1648 336 ».
1673 323 1716 327 —
1741 306 1830 343 Item,
1847 306 2061 343 sustinente&
2085 306 2205 347 primae
2227 306 2279 339 1³0-

1322 358 1362 390 tri
1386 358 1495 391 tertio:
1519 371 1534 386 «
1547 358 1603 390 Sed
1621 362 1652 390 et
1668 358 1692 390 si
1709 358 1785 399 quid
1809 359 1948 399 patimini
1966 362 2094 400 propter
2119 359 2279 398 iustitiam,

1322 410 1402 443 beati
1421 423 1451 449 »;
1476 414 1507 443 et
1530 410 1673 443 Matthaei
1699 410 1827 452 quinto:
1865 424 1880 439 «
1896 411 2087 449 Beatiestis‚
2111 421 2183 444 cum
2216 422 2281 444 11111Ψ

1323 464 1491 497 ledixerint
1515 463 1603 496 vobis
1628 463 1770 496 homines
1797 466 1829 495 et
1851 464 2007 505 persecuti
2033 473 2087 496 vos
2110 464 2228 496 suerint
2251 468 2282 497 et

1324 517 1464 550 dixerint
1497 526 1588 550 omne
1622 517 1739 550 malum
1775 517 1942 549 adversum
1978 526 2047 555 vos,
2078 517 2280 556 mentientes,

1326 574 1454 613 propter
1478 580 1570 604 me».
1597 589 1638 594 —
1664 572 1753 609 ltem,
1778 571 2046 612 eoritemplantes,·
2064 570 2145 603 tertii
2163 571 2282 612 Regum

1325 623 1462 656 decimo:
1492 636 1506 652 a
1524 624 1606 656 Beati
1632 624 1690 656 viri
1728 624 1791 662 tui,
1815 628 1846 656 et
1869 623 1950 656 beati
1976 623 2057 656 servi
2083 623 2127 655 tui
2154 623 2201 661 hi,
2226 623 2280 665 qui

1325 680 1408 709 stant
1431 686 1536 712 coram
1562 680 1592 709 te
1616 686 1739 719 semper
1756 681 1786 709 et
1802 677 1936 709 audiunt
1951 676 2133 718 sapientiam
2151 680 2280 708 tuam».

1415 730 1467 762 85.
1492 730 1538 761 Ex
1562 730 1708 762 omnibus
1732 730 1781 762 his
1804 729 1907 762 causis
1931 729 2025 761 beata
2041 729 2100 761 fuit
2116 729 2205 771 virgo
2221 730 2283 762 Ma-

1326 782 1387 821 ria,
1412 792 1453 815 ex
1477 783 1686 815 causasetiam
1718 783 1867 824 singulari
1892 782 1952 814 suit
1976 782 2185 821 beatissima,
2209 783 2284 825 quia

1325 836 1467 877 concepit
1490 835 1600 868 Filium
1625 835 1697 873 Dei;
1723 835 1804 867 infra
1820 835 2026 867 undecimo⁶x
2048 848 2063 863 α
2080 836 2192 868 Beatus
2208 845 2283 868 ven-

1327 891 1392 927 ter,
1416 889 1469 930 qui
1497 892 1526 921 te
1550 888 1700 930 portavit,
1736 891 1766 920 et
1803 887 1918 926 ubera,
1944 896 2025 929 quae
2060 888 2221 921 suxisti».
2248 889 2283 921 Et

1327 944 1493 983 propterea
1521 942 1654 983 ipsamet
1684 941 1759 973 dicit
1790 937 1871 972 in'l'ra
1894 940 2017 973 eodem:
2049 954 2063 968 «
2080 941 2156 973 Ecce
2180 941 2282 980 enim,

1326 1003 1365 1027 ex
1385 994 1443 1026 hoc
1456 994 1576 1026 beatam
1594 1003 1644 1026 me
1660 994 1763 1026 dicent
1779 1003 1887 1026 omnes
1903 993 2160 1035 generationes».
2180 994 2283 1026 Beata

1326 1057 1419 1089 erqo,
1444 1057 1529 1090 quae
1552 1047 1740 1085 credidisti,
1764 1047 1839 1088 quia
1870 1047 2025 1080 credendo
2056 1047 2223 1088 concepisti
2253 1051 2284 1080 et

1326 1099 1528 1141 concipiendo
1551 1099 1774 1132 beatitudinem
1800 1099 1946 1132 omnibus
1969 1100 2114 1141 gentibus
2130 1104 2284 1142 quantum

1326 1152 1364 1184 ad
1388 1152 1606 1193 sufficientiam
1634 1152 1800 1194 protulisti.
1828 1152 1857 1184 ln
1884 1152 1979 1184 huius
2009 1152 2141 1195 ligura,
2158 1152 2285 1186 Genesis

1328 1204 1511 1246 trigesimo⁷
1549 1218 1563 1233 «
1588 1205 1670 1237 dixit
1695 1205 1761 1237 Lia:
1793 1205 1854 1237 Hoc
1886 1214 1943 1247 pro
1975 1205 2166 1239 beatitudine
2198 1214 2284 1244 mea,

1328 1257 1449 1290 beatam
1474 1258 1590 1299 quippe
1615 1267 1665 1290 me
1688 1258 1792 1291 dicent
1815 1267 1923 1291 omnes
1947 1259 2096 1291 mulieres
2112 1272 2142 1291 ».

1531 1371 1644 1398 secundo
1664 1371 1786 1398 subditur
1805 1372 1935 1399 canticum
1953 1372 2083 1399 laetitiae.

1417 1470 1469 1502 86.
1496 1471 1535 1502 Ec
1558 1470 1607 1502 ait
1630 1470 1743 1502 Maria
1759 1473 1816 1502 etc.
1835 1470 1905 1502 Post
1922 1471 2133 1509 testimonium
2151 1471 2287 1513 prophe-

1329 1523 1388 1555 tiae
1419 1522 1563 1564 sequitur
1598 1526 1718 1554 eamus
1750 1517 1911 1561 laetitiae,
1948 1523 1978 1555 in
2008 1533 2072 1565 quo
2108 1524 2287 1556 beatissima

1328 1576 1416 1618 virgo
1440 1575 1536 1607 Maria
1560 1575 1666 1607 laudat
1688 1575 1824 1607 divinam
1856 1576 2051 1608 clementiam
2077 1580 2206 1618 propter
2229 1586 2287 1609 ex-

1327 1628 1578 1662 cellentissimam
1598 1628 1735 1670 ‘gratiam
1769 1628 1826 1661 sihi
1858 1629 2010 1661 collatam.
2042 1629 2072 1660 ln
2098 1629 2157 1661 hoc
2180 1633 2285 1662 autem

1327 1682 1447 1715 cantico
1471 1681 1531 1714 tria
1554 1685 1713 1714 notantur.
1739 1681 1878 1713 Primum
1895 1685 1943 1714 est
1959 1681 2131 1714 laudantis
2147 1681 2285 1724 allectio,

1327 1745 1421 1778 quam
1454 1738 1541 1767 notat
1572 1734 1658 1767 ibiss:
1690 1734 1884 1777 Maynilieat
1913 1735 2030 1767 anima
2053 1745 2127 1767 med
2150 1738 2207 1768 etc.
2233 1736 2285 1768 Se-

1326 1788 1466 1821 cundum
1489 1791 1536 1821 est
1560 1787 1727 1820 iazidandi
1749 1788 1856 1826 racio,
1881 1797 1976 1830 quam
1994 1791 2097 1826 notat,
2114 1797 2186 1821 cum
2211 1788 2286 1820 sub-

1326 1841 1387 1874 dit:
1414 1841 1502 1882 inia
1527 1841 1669 1883 respexit
1684 1845 1742 1874 etc.
1760 1841 1916 1880 Tertium,
1933 1841 2066 1873 divinae
2083 1841 2194 1873 laudis
2215 1850 2286 1873 am-

1323 1895 1496 1937 plificatae,
1506 1904 1600 1937 quam
1615 1897 1701 1927 notat
1713 1894 1773 1927 ibi:
1793 1895 1831 1927 Ec
1847 1894 2080 1926 misericordia
2092 1895 2163 1927 eitis
2176 1904 2197 1927 a
2208 1904 2286 1937 pro-

1323 1948 1425 1990 9enie.
1452 1948 1517 1979 Non
1542 1947 1623 1979 enim
1649 1950 1696 1980 est
1721 1947 1857 1988 perfecta
1882 1947 1967 1986 laus,
1989 1947 2047 1980 nisi
2066 1947 2146 1980 adsit
2161 1947 2286 1980 debitus

1326 1999 1477 2043 affectus,
1501 1999 1606 2032 debita
1629 2009 1736 2032 eausa
1759 2003 1790 2032 et
1813 1999 1939 2033 debitus
1961 2000 2091 2033 modus.

1415 2054 1468 2085 87.
1493 2053 1594 2092 (Vers.
1619 2053 1696 2093 46).
1723 2053 1901 2085 insinuatur
1925 2062 2000 2095 ergo
2024 2053 2126 2095 primo
2143 2053 2286 2086 laudan-

1326 2106 1368 2138 tis
1391 2104 1537 2148 affectio,
1563 2108 1598 2137 ut
1619 2109 1741 2147 girata,
1766 2105 1993 2147 magnificando
2027 2105 2164 2138 divinam
2190 2105 2287 2138 virtu-

1326 2162 1406 2197 tem,
1431 2167 1503 2192 cum
1526 2158 1615 2191 dicit:
1641 2158 1697 2190 Ait
1721 2159 1852 2191 Maria:
1870 2158 2063 2201 Magynilieat
2080 2159 2197 2191 anima
2212 2168 2287 2191 mea

1329 2211 1526 2250 Dominum,
1549 2211 1580 2243 id
1604 2215 1651 2244 est
1674 2211 1811 2244 divinam
1836 2212 1994 2244 virtutem.
2024 2225 2038 2240 α
2057 2212 2186 2254 Magnus
2203 2211 2284 2244 enim

1326 2264 1478 2297 Dominus
1502 2268 1626 2303 noster,
1650 2268 1681 2297 et
1715 2274 1828 2307 magna
1863 2265 1965 2297 virtus
1988 2265 2126 2303 eius⁹»;
2151 2268 2181 2297 et
2216 2264 2285 2297 ideo

1326 2327 1439 2361 magno
1454 2318 1567 2351 affectu
1583 2318 1675 2351 debet
1691 2318 1880 2357 collaudari,
1897 2319 1972 2360 quia
1989 2327 2100 2361 magna
2115 2321 2284 2360 operatur;

1326 2372 1462 2404 Danielis
1485 2375 1616 2414 quarto:
1647 2385 1661 2400 «
1677 2372 1738 2414 Ego
1762 2372 1854 2404 laudo
1871 2377 1901 2405 et
1918 2372 2082 2414 magnifico
2098 2376 2129 2404 et
2145 2372 2286 2414 glorifico

1326 2426 1438 2467 Regem
1463 2424 1557 2463 caeli,
1582 2425 1656 2466 quia
1690 2424 1795 2457 omnia
1818 2433 1914 2466 opera
1948 2425 2016 2457 eius
2041 2434 2115 2457 vera
2131 2437 2162 2464 »3
2186 2427 2219 2458 et
2246 2424 2285 2456 ad

1326 2478 1385 2511 hoc
1416 2477 1525 2510 invitat
1556 2477 1660 2511 anima
1690 2478 1802 2510 devota
1833 2477 1864 2510 in
1890 2478 2026 2510 Psalmo:
2061 2478 2285 2520 «Magnificate

1325 2530 1492 2562 Dominum
1519 2539 1662 2568 mecum,
1686 2534 1717 2562 et
1740 2530 1916 2563 exaltemus
1946 2539 2059 2563 nomen
2092 2531 2160 2563 eius
2192 2531 2222 2563 in
2255 2531 2285 2563 id

1326 2584 1429 2625 ipsum
1446 2596 1477 2615 x».
1502 2583 1590 2615 Tunc
1614 2583 1717 2615 anima
1740 2587 1847 2615 nostra
1882 2592 1956 2616 vere
1979 2584 2157 2625 magnificat
2182 2583 2285 2616 Domi-

1326 2644 1420 2674 num,
1445 2635 1570 2677 quando
1594 2635 1654 2668 sub
1670 2635 1737 2677 ipso
1761 2644 1794 2668 se
1810 2635 1908 2677 ipsam
1925 2635 2062 2677 captivat
2077 2639 2108 2668 et
2124 2636 2284 2675 humiliat3

1326 2688 1530 2721 Ecclesiastici
1556 2688 1648 2720 tertio
1663 2684 1703 2720 ¹¹5:
1734 2702 1749 2717 «
1765 2689 1866 2730 Quam
1884 2698 1995 2730 magna
2012 2689 2149 2730 potentia
2165 2688 2218 2721 Dei
2236 2698 2286 2721 so-

1326 2742 1405 2780 lius,
1429 2745 1460 2774 et
1483 2751 1501 2773 a
1524 2741 1598 2774 solis
1622 2742 1796 2774 humilibus
1829 2742 2003 2774 honoratur
2019 2755 2049 2773 ».
2083 2741 2168 2774 Unde
2197 2741 2295 2784 virgo,

1326 2795 1438 2833 Maria,
1463 2794 1537 2837 quia
1561 2804 1636 2836 prae
1660 2794 1772 2827 ceteris
1796 2803 1828 2827 se
1846 2795 1944 2837 ipsam
1961 2795 2155 2833 humiliavit,
2172 2795 2285 2828 ceteris

1325 2848 1419 2880 altius
1444 2847 1610 2880 Dominum
1629 2848 1847 2890 magnificavit.
1866 2848 1901 2880 Et
1918 2848 1985 2880 ideo
2001 2858 2020 2881 a
2036 2848 2285 2890 magnificatione

1327 2901 1456 2943 incepit,
1480 2900 1554 2943 quia
1571 2901 1629 2934 hoc
1652 2901 1848 2943 competebat
1864 2900 2047 2934 humilitati
2054 2902 2215 2945 ,Viryz‘m's
2231 2902 2284 2935 de-

1396 3068 1408 3084 ⁶
1429 3071 1502 3096 Vers.
1522 3070 1564 3095 27.
1582 3083 1618 3097 -‚-
1637 3070 1760 3103 Sequitur
1779 3070 1840 3095 Luc.
1862 3070 1890 3101 l,
1912 3069 1953 3095 48.

1396 3112 1406 3128 ⁷
1427 3114 1501 3140 Vers.
1522 3114 1565 3139 13.

1395 3156 1406 3172 ⁰
1426 3158 1499 3184 Vers.
1520 3157 1562 3183 46.
1582 3158 1732 3183 Secundum
1752 3161 1778 3183 et
1796 3157 1899 3183 tertium
1914 3156 2043 3183 habentur
2056 3165 2080 3183 v.
2096 3157 2137 3183 48.
2152 3161 2178 3183 et
2192 3157 2234 3183 50.
2248 3170 2284 3176 —

1324 3202 1450 3235 Superius
1463 3209 1511 3234 pro
1525 3203 1621 3228 cantus
1640 3202 1661 3227 G
1680 3201 1825 3228 canticum.

1393 3244 1405 3260 ⁹
1424 3247 1518 3272 Psalm.
1539 3245 1604 3276 ⁴46,
1623 3246 1649 3272 5.
1668 3260 1701 3264 —
1722 3246 1872 3278 Sequuntur
1891 3246 1955 3272 Dan,
1976 3245 2005 3277 4,
2026 3246 2069 3272 34.
2090 3245 2200 3279 (Codd.:
2224 3246 2281 3279 qu

1322 3289 1591 3324 [Nabuchodonosor]
1610 3289 1788 3324 magnificabo
1809 3290 1903 3323 Regem
1922 3289 2061 3322 caeliam.)
2088 3293 2114 3316 et
2133 3291 2174 3316 Ps.
2195 3290 2241 3322 33,
2257 3289 2280 3315 4.

1321 3348 1357 3354 —
1375 3335 1482 3360 insertus
1501 3341 1550 3367 pro
1569 3333 1663 3360 anima
1681 3333 1774 3360 devota
1795 3334 1852 3359 vm.
1871 3333 1993 3360 animam
2012 3333 2145 3361 devotam.

1393 3377 1416 3393 ¹⁰
1435 3379 1508 3405 Vers.
1529 3380 1544 3404 2
1551 3379 1557 3403 l
1564 3397 1570 3404 .

2302 733 2369 755 Maria
2383 734 2449 757 beata,

2311 763 2333 782 et
2350 761 2444 784 beatissi-

2303 1157 2387 1184 Figura.

2306 1689 2412 1719 Nolantur

2332 1718 2380 1737 tna.

2334 2060 2448 2082 Laudanda.

2305 2087 2389 2109 affectio
2407 2087 2446 2114 pri-

2306 2120 2340 2135 mo
2361 2115 2385 2135 ut
2404 2120 2449 2141 gra·

2306 2592 2432 2614 Notandum.

2304 2875 2369 2906 Ratio¹
2379 2883 2422 2911 pri-
