2476 3921
136 614 211 636 Suasio
226 619 286 641 prae·

142 640 281 668 cipitatiouis.

151 1146 281 1167 Notandum.

147 1464 222 1485 Modus
235 1469 283 1490 sug-

164 1491 259 1517 gerendi.

146 2050 247 2080 Excussit)
261 2050 287 2072 ti-

178 2082 251 2098 moris.

302 254 342 285 94

301 346 331 373 et
356 340 506 381 templum
533 338 643 371 habuit
658 337 786 378 pianum
805 338 937 373 tectum,
954 337 991 366 ut
1008 333 1257 371 tabernaculum,

301 398 332 426 et
355 393 385 424 in
411 392 525 424 talibus
547 392 780 423 consueverunt
803 392 887 421 stare
915 387 1059 419 doctores
1082 389 1113 418 et
1137 385 1259 427 praedi-

302 449 422 478 catores
433 471 440 483 ,
457 443 630 477 secundum
648 442 725 475 illud
743 441 888 474 Matthaei
904 440 1026 473 decimo
1040 441 1068 470 ¹:
1090 452 1105 467 «
1121 438 1210 480 Quod
1227 438 1258 470 in

301 507 378 531 aure
402 497 530 535 auditis,
555 495 732 538 praedicate
756 503 852 536 super
877 496 958 526 tecta
974 506 1004 524 1».

394 551 442 583 19.
479 550 637 591 Quantum
674 548 713 580 ad
747 547 938 580 suasionem
970 544 1260 588 praecipitationis

300 604 464 638 subditur:
491 604 530 635 Et
552 602 639 635 dixit
662 601 728 634 iili:
755 600 792 633 Si
814 600 923 633 Filius
948 599 1070 638 Deies,
1095 598 1184 631 mitte
1207 598 1260 630 ie²

301 659 464 690 deorsum.
489 657 570 698 Quia
591 655 735 688 diabolus
757 654 905 687 deorsum
930 653 1102 691 ceciderat,
1127 652 1260 684 libenter

301 720 408 744 omnes
442 710 590 743 deorsum
624 709 780 747 traheret;
805 707 886 739 infra
909 706 1046 739 decimo:
1078 719 1092 734 «
1111 705 1259 738 Videbam

300 768 438 797 satanam
465 764 546 796 sicut
568 762 675 804 fulgur
699 762 737 794 116
761 761 845 793 caelo
869 760 1031 793 cadentem
1048 773 1078 791 ».
1097 759 1155 791 Sed
1171 758 1261 791 Chri-

301 821 368 850 stus
391 819 515 859 poterat
537 816 642 848 dicere
657 815 779 847 diabolo
803 817 834 847 et
857 814 974 855 angelis
990 813 1058 846 eius
1075 812 1151 845 illud
1176 812 1261 854 quod

299 870 381 903 dixit
405 869 524 902 ludaeis
541 868 662 901 loannis
678 871 804 901 octavo:
834 881 849 896 <x
864 868 925 900 Vos
940 868 979 901 de
995 867 1143 900 deorsum
1167 866 1259 905 estis,

301 933 358 966 ego
381 927 486 955 autem
510 922 548 967 de
579 921 725 963 supernis
757 930 827 954 sum
845 934 875 959 ”3
900 921 983 953 unde
1015 929 1077 952 non
1100 923 1169 952 erat
1192 919 1261 952 eius

302 976 511 1014 descendere,
536 974 589 1007 sed
614 974 797 1006 ascendere.
816 973 874 1006 Sed
897 973 1040 1005 diabolus
1066 972 1124 1004 hoc
1149 981 1261 1014 sugge-

302 1028 408 1066 rebat,
425 1031 475 1065 ut,
492 1026 707 1059 descendendo
731 1025 954 1067 corporaliter,
978 1025 1095 1057 faceret
1117 1033 1189 1057 eum
1208 1033 1261 1056 su-

302 1071 428 1123 perbire
452 1080 676 1122 spiritualiter,
694 1082 730 1111 ut
754 1079 848 1111 simul
872 1082 953 1111 esset
977 1087 1134 1110 ascensus
1151 1087 1261 1110 vanus

302 1139 332 1167 et
356 1134 530 1166 descensus
555 1142 661 1164 verus.
687 1132 718 1164 ln
744 1141 807 1173 quo
831 1131 1014 1169 erudimur,
1038 1130 1122 1172 quod
1138 1139 1262 1172 semper

302 1187 468 1219 coniuncta
491 1189 564 1218 sunt
589 1184 765 1217 humiliatio
788 1187 819 1216 et
842 1183 1002 1221 exaltatio,
1028 1182 1202 1215 secundum
1226 1183 1262 1214 il-

302 1239 356 1272 lud
380 1239 461 1271 infra
483 1238 604 1270 decimo
627 1237 779 1270 octavoss:
809 1249 824 1264 «
841 1235 968 1274 Omnis,
992 1235 1046 1277 qui
1071 1243 1104 1267 56
1127 1235 1262 1273 exaltat,

303 1292 535 1330 humiliabitur,
568 1295 599 1324 et
634 1291 687 1333 qui
721 1300 753 1323 se
790 1289 935 1322 humiliat
966 1289 1208 1327 exaltabitur»;
1232 1291 1264 1321 et

301 1345 543 1378 Proverbiorum
567 1344 688 1377 decimo
704 1349 828 1376 octavo:
851 1356 866 1371 c<
880 1344 1053 1385 Antequam
1070 1346 1263 1380 conteratur,

301 1399 460 1432 exaltatur
484 1407 538 1431 cor
563 1398 716 1436 hominis,
741 1400 772 1430 et
788 1400 957 1438 antequam
974 1395 1186 1438 glorificetur,
1204 1395 1264 1427 hu-

302 1453 440 1485 miliatur
457 1465 486 1483 ».
512 1470 556 1475 —-
581 1452 617 1483 Et
639 1454 713 1483 nota
735 1449 936 1493 suyyerendi
959 1449 1111 1487 modum,
1129 1457 1201 1480 cum
1218 1447 1264 1480 di-

302 1506 359 1538 cit:
386 1506 472 1538 Mitte
503 1509 539 1537 te.
572 1504 855 1546 Chrysostomus4:
895 1503 991 1535 «Non
1024 1501 1165 1544 impulit,
1202 1510 1262 1533 non

302 1559 419 1601 tetigit,
444 1568 505 1591 non
529 1558 811 1600 appropinquavit,
837 1556 890 1589 sed
915 1559 1036 1588 tantum
1054 1555 1150 1587 dixit:
1176 1554 1264 1586 Mitte

303 1617 330 1644 te
353 1613 527 1650 deorsum,
553 1615 589 1644 ut
620 1611 773 1649 sciamus,
805 1610 880 1652 quia
911 1609 1030 1648 omnis,
1055 1609 1109 1651 qui
1134 1607 1264 1641 obaudit

301 1665 441 1704 diabolo,
466 1665 532 1706 ipse
564 1674 596 1697 se
628 1665 801 1706 deponit».
828 1664 863 1696 Et
897 1663 1121 1704 Hieronymus:
1152 1675 1167 1690 «
1184 1661 1263 1694 Satis

302 1723 349 1752 est
372 1718 499 1757 debilis,
524 1718 599 1760 quia
633 1718 710 1750 nulli
743 1726 855 1750 nocere
890 1720 1009 1759 potest,
1045 1716 1104 1748 nisi
1131 1716 1198 1757 ipse
1230 1724 1263 1748 se

302 1770 449 1803 deorsum
486 1770 674 1812 posuerit».
700 1770 735 1802 Et
758 1769 827 1802 ideo
862 1778 974 1802 sanum
1005 1772 1053 1801 est
1077 1768 1261 1806 consilium,

303 1824 504 1857 Ecclesiastae
526 1823 665 1856 decimo:
689 1836 703 1851 «
721 1823 750 1855 Si
768 1823 898 1864 spiritus
915 1826 1099 1864 potestatem
1119 1822 1263 1855 habentis

302 1877 476 1910 ascenderit
500 1885 595 1918 super
620 1880 665 1914 te,
691 1876 793 1908 locum
819 1878 909 1908 tuum
934 1884 973 1908 ne
989 1875 1189 1913 dimiseris»,
1207 1883 1263 1907 nec

302 1930 530 1972 praesumendo
555 1939 611 1962 nec
635 1929 838 1971 desperando.

392 1984 442 2015 20.
469 1983 569 2024 (Vers.
592 1983 666 2023 10.).
684 1983 843 2023 Quantum
861 1981 899 2014 ad
920 1981 1145 2013 excussionem
1171 1980 1264 2013 timo-

302 2037 351 2069 ris
385 2036 542 2078 adiungit:
575 2036 744 2078 Scriptum
775 2039 822 2067 est
852 2035 958 2073 enim,
983 2034 1091 2078 quia⁵
1128 2033 1264 2076 Anyelis

301 2090 373 2122 suis
396 2089 571 2126 mandavit
594 2089 632 2121 de
656 2093 703 2127 te,·
728 2089 787 2121 hoc
819 2088 973 2130 scriptum
1003 2091 1049 2120 est
1074 2086 1105 2119 in
1131 2087 1261 2119 Psalmo.

302 2143 371 2176 ideo
395 2143 590 2185 scripturam
614 2143 743 2184 allegat,
761 2141 835 2184 quia
852 2141 993 2180 videbat,
1018 2140 1103 2183 quod
1119 2140 1264 2173 Christus

302 2205 426 2239 semper
451 2205 506 2238 per
530 2196 725 2238 Scripturam
742 2204 775 2228 se
790 2194 984 2228 defendebat.
1001 2193 1088 2227 Unde
1112 2193 1186 2226 dicit
1204 2193 1264 2225 Leo

303 2250 399 2291 Papa:
430 2262 445 2277 «
462 2249 504 2281 lbi
528 2249 706 2282 occasiones
738 2248 876 2282 tentandi
909 2247 1045 2286 invenit,
1070 2247 1124 2280 ubi
1150 2246 1263 2280 viderit

375 2408 383 2423 ¹
404 2410 479 2434 Vers.
495 2409 538 2434 27.
551 2423 585 2428 -
599 2409 636 2434 De
650 2410 699 2434 lioc
713 2410 758 2434 csr.
773 2408 852 2434 etiam
866 2408 942 2433 Card.
956 2408 1046 2440 nugo,
1060 2408 1084 2433 in
1098 2408 1186 2433 Matth.
1200 2407 1224 2439 4,
1238 2408 1263 2433 5.

373 2453 384 2468 ²
405 2455 516 2486 Vulgata
536 2454 608 2480 addit
628 2453 702 2485 hinc,
722 2452 795 2486 quod
809 2453 895 2479 Matth.
917 2453 944 2484 4,
959 2453 985 2478 6.
1005 2452 1141 2478 omittitur.
1156 2466 1192 2471 —
1206 2452 1263 2477 Duo

303 2505 376 2532 seqq.
396 2499 445 2524 loci
465 2501 525 2524 sunt
544 2499 606 2524 Luc.
626 2498 672 2529 iO,
693 2498 734 2523 18.
754 2500 780 2523 et
799 2498 868 2523 loun.
889 2498 919 2527 8,
940 2497 981 2522 23.
1002 2497 1101 2528 lsidor.,
1122 2496 1184 2521 Vlll.
1204 2496 1263 2527 Ety-

302 2544 399 2575 molog.
419 2550 442 2569 c.
463 2544 505 2569 li.
527 2550 552 2568 n.
568 2543 615 2568 181
630 2541 760 2568 Diabolus
774 2541 903 2567 Hebraico
916 2541 1011 2567 dicitur
1024 2540 1152 2567 deorsum
1165 2540 1262 2573 fluens,

301 2588 363 2620 quia
382 2588 487 2620 quietus
507 2588 531 2613 in
551 2587 615 2613 caeli
634 2587 749 2612 culmine
768 2589 836 2612 stare
864 2586 1035 2618 contempsit,
1054 2585 1101 2611 sed
1122 2584 1263 2617 superbiae

301 2632 417 2663 pondere
437 2632 560 2658 deorsum
581 2638 706 2658 corruens
731 2631 833 2657 cecidit.
853 2630 904 2656 Cir.
925 2631 1040 2662 Hieron„
1060 2630 1097 2656 lli.
1116 2630 1264 2656 Comment.

302 2676 326 2701 in
347 2672 425 2708 Epist.
445 2677 479 2702 ad
499 2677 563 2708 Eph.
584 2677 615 2707 6,
636 2676 677 2701 ii.

372 2719 383 2734 ²³
404 2721 477 2746 Vers.
499 2721 545 2752 14,
565 2723 625 2752 post
643 2726 724 2753 quem
745 2721 819 2745 Prov.
842 2720 889 2751 ⁴8,
910 2720 956 2745 12..

372 2764 382 2778 ¹
402 2765 498 2790 Homil.
517 2764 542 2790 5.
562 2764 635 2796 (alias
654 2764 689 2796 6.)
711 2764 736 2789 111
756 2765 842 2789 Μ31111.
863 2763 922 2795 (Op.
938 2763 1082 2795 imperfect.
1096 2763 1163 2788 inter
1183 2770 1263 2795 opera

302 2809 456 2841 Chrysost.).
475 2823 509 2827 —
529 2809 643 2839 Hieron„
663 2809 679 2833 l.
699 2808 845 2834 Comment.
865 2807 891 2833 in
910 2808 997 2833 Matth.
1019 2807 1048 2837 4,
1068 2808 1096 2832 6:
1122 2817 1134 2829 c
1147 2806 1220 2834 Mitte
1240 2809 1264 2833 te

303 2854 457 2880 deorsum...
475 2853 531 2878 Vox
550 2852 661 2884 diaboli,
686 2852 731 2885 qui
761 2859 866 2884 semper
894 2859 986 2877 omnes
1015 2852 1108 2877 cadere
1137 2851 1262 2877 deorsum

303 2897 447 2923 desiderat:
467 2896 540 2923 Mitte
559 2898 596 2928 te,
618 2896 715 2929 inquit,
735 2895 879 2927 deorsum„-
898 2895 1059 2927 persuadere
1078 2898 1175 2927 potest,
1190 2902 1263 2927 prae-

303 2942 411 2974 cipitare
430 2948 483 2967 non
503 2944 587 2973 potest
600 2951 625 2966 n.
644 2940 782 2971 Ambros..
795 2940 836 2966 lV.
856 2940 883 2965 in
904 2941 965 2966 Luc.
985 2947 1011 2965 n.
1027 2940 1075 2965 23:
1099 2949 1111 2962 «r
1126 2941 1194 2966 Vere
1207 2940 1263 2965 dia-

303 2985 384 3011 bolica
405 2992 470 3018 vox,
489 2992 557 3018 quae
577 2987 691 3010 mentem
711 2985 825 3010 hominis
843 2985 876 3010 de
895 2984 979 3016 gradu
1001 2984 1090 3009 altiore
1109 2985 1263 3010 meritorum

303 3030 476 3063 praecipitare
495 3030 634 3056 contendit.
654 3030 722 3062 Quid
741 3030 811 3055 enim
832 3033 883 3055 tam
899 3029 1036 3061 proprium
1056 3028 1160 3055 diabolo
1182 3036 1262 3062 quam

303 3072 429 3105 suadere,
450 3077 478 3099 ut
505 3074 686 3107 unusquisque
714 3081 742 3100 se
771 3074 855 3099 mittat
880 3073 1005 3099 deorsum
1016 3074 1044 3098 n?
1070 3072 1137 3104 ibid.
1158 3080 1183 3099 n.
1211 3073 1265 3098 25:

307 3129 318 3141 n
330 3119 412 3144 Simul
431 3118 608 3144 infirmitatem
627 3125 702 3144 suam
723 3117 843 3144 diabolus
863 3118 1041 3151 malitiamque
1060 3117 1189 3149 designat,
1201 3118 1263 3150 quia

304 3163 400 3189 nemini
420 3166 505 3195 potest
524 3170 618 3188 nocere
647 3162 781 3193 diabolus,
810 3163 859 3188 11151
887 3163 944 3195 ipse
963 3169 991 3188 se
1010 3162 1150 3188 miserit».
1173 3162 1263 3187 Glossa

304 3207 445 3234 ordinaria
465 3207 489 3232 in
510 3208 570 3232 Luc.
592 3207 621 3239 4,
642 3207 670 3233 8:
684 3206 764 3234 Mitte.
778 3208 847 3233 Haec
860 3214 910 3233 vox
924 3207 948 3233 ei
961 3207 1099 3238 convenit,
1113 3207 1159 3239 qui
1172 3213 1265 3232 omnes

304 3251 476 3283 praecipitare
495 3251 598 3282 satagit.
619 3251 645 3276 in
665 3258 718 3284 quo
738 3251 857 3276 infirmus
882 3250 1040 3283 ostenditur,
1059 3250 1104 3283 qui
1124 3250 1186 3276 nulli
1206 3257 1265 3282 pos-

304 3295 335 3320 sit
355 3301 462 3327 nocere,
481 3295 530 3320 nisi
550 3295 624 3326 prius
644 3295 683 3320 iile
702 3302 731 3321 se
749 3295 874 3321 deorsum
888 3295 995 3321 miserit.
1009 3309 1044 3313 —-
1057 3295 1107 3320 Pro
1120 3295 1154 3321 Et
1173 3294 1264 3321 Hiero-

304 3345 402 3372 nymus
422 3339 443 3363 D
462 3338 497 3364 Et
507 3337 610 3369 subdit,
623 3339 676 3364 scil.
690 3338 906 3371 Chrysostomus,
920 3339 967 3371 qui
981 3339 1028 3364 loc.
1043 3338 1085 3364 cit.
1099 3338 1185 3364 addit:
1199 3339 1264 3364 Nam

304 3382 425 3408 diabolus
444 3382 477 3408 ad
497 3383 595 3407 malurn
616 3382 713 3408 hortari
733 3385 831 3414 potest,
852 3389 947 3415 cogere
961 3386 1047 3408 autem
1062 3390 1112 3408 non
1127 3385 1265 3415 potest.—

307 3426 423 3453 Subinde
442 3426 534 3452 citatur
553 3427 636 3452 Eccle.
657 3427 705 3458 lo,
725 3427 749 3452 4.

894 246 1087 278 COMMENT.
1114 245 1149 277 IN
1174 243 1411 277 EVANGELIUM
1436 242 1552 275 LUCAE
1576 242 1608 274 C.
1633 242 1681 274 IV.

1322 331 1465 364 homines
1488 330 1705 363 vehementius
1728 330 1918 371 occupari».
1936 330 2021 363 Unde
2037 331 2199 372 scriptum
2215 340 2282 364 esse

1322 384 1451 423 asserit,
1476 388 1512 416 ut
1540 383 1668 416 inducat
1696 383 1930 421 credulitatem,
1955 387 1993 416 et
2023 384 2116 416 etiam
2141 385 2281 426 Scriptu-

1323 447 1391 470 ram
1416 437 1552 476 inducit,
1577 445 1658 478 quae
1681 436 1830 469 excludat
1843 436 2135 477 pusillanimitatem
2152 441 2281 479 propter

1323 490 1566 532 promissionem
1590 489 1737 522 adiutorii
1770 489 1918 531 angelici,
1955 492 2017 521 tam
2049 490 2081 522 in
2110 491 2281 533 prosperis

1323 552 1419 586 quam
1443 543 1474 575 in
1499 542 1659 575 adversis.
1686 560 1727 566 —-
1752 542 1882 584 Propter
1914 542 2123 575 adiutorium
2148 543 2184 575 in
2204 552 2282 585 pro-

1323 596 1430 638 speris
1452 595 1544 628 dicit:
1575 595 1615 627 [Jc
1629 595 1819 628 custodiant
1835 599 1863 627 te
1879 595 1915 627 in
1931 594 2082 627 omnibus
2098 595 2162 628 viis
2179 596 2245 628 tuis
2257 597 2282 636 ⁶,

1324 648 1355 681 id
1379 652 1426 681 est
1449 648 1615 690 operibus;
1642 647 1739 680 Exodi
1764 647 1913 689 vigesimo
1936 648 2046 681 tertio:
2077 662 2092 677 α
2110 649 2203 688 Ecce,
2227 659 2284 692 ego

1325 702 1415 734 mitto
1438 701 1587 743 Angelum
1611 710 1735 740 meum,
1760 701 1814 743 qui
1839 701 2004 743 praecedat
2027 705 2059 734 te
2083 705 2114 734 et
2130 703 2284 736 custodiat

1325 758 1355 788 te
1386 755 1418 787 in
1450 755 1545 787 via».
1578 754 1627 787 Sic
1655 754 1823 787 custodivit
1853 755 1988 797 Angelus
2022 755 2168 795 Tobiam,
2204 756 2285 789 sicut

1323 807 1439 840 dicitur
1463 807 1576 840 Tobiae
1598 807 1799 846 duodecimo;
1825 807 1869 840 sic
1892 808 1984 840 etiam
2007 808 2125 847 Iudith,
2143 809 2224 842 sicut
2239 809 2285 842 di-

1324 861 1407 894 citur
1430 860 1551 893 decimo
1575 860 1682 899 terti0;
1707 860 1751 893 sic
1767 860 1860 893 etiam
1878 861 2059 894 custodiunt
2075 871 2184 895 omnes
2201 863 2285 896 viros

1324 914 1441 952 iustos,
1459 913 1631 947 secundum
1656 913 1733 946 iilud
1758 914 1796 945 ad
1821 914 1975 947 Hebraeos
1999 915 2115 956 primo:
2138 928 2153 943 «
2170 915 2285 949 Omnes

1325 970 1399 1000 sunt
1433 966 1689 999 administratorii
1721 966 1869 1008 spiritus,
1898 966 1930 999 111
1964 967 2176 1000 ministerium
2211 969 2285 1001 mis-

1325 1021 1379 1054 si»
1408 1024 1485 1060 etc.;
1510 1024 1541 1053 et
1565 1023 1662 1053 totam
1687 1020 1869 1059 Ecclesiam,
1891 1020 2065 1053 secundum
2090 1021 2167 1054 illud
2191 1022 2286 1055 isaiae

1326 1074 1521 1116 sexagesimo
1545 1073 1700 1107 secundo:
1731 1087 1746 1102 «
1759 1074 1860 1115 Super
1876 1083 1986 1107 muros
2002 1078 2088 1113 tuos,
2106 1075 2284 1114 ierusalem,

1325 1128 1472 1160 constitui
1497 1127 1642 1160 custodes
1658 1141 1688 1159 ».
1713 1127 1857 1159 Christus
1881 1136 1956 1160 vero
1980 1137 2042 1160 non
2060 1128 2216 1170 indigebat
2232 1137 2286 1160 cu-

1326 1180 1424 1213 stodia
1439 1181 1468 1219 ⁷;
1493 1184 1524 1213 et
1548 1180 1617 1213 ideo
1640 1180 1783 1212 diabolus
1805 1180 2024 1213 auctoritatem
2054 1181 2144 1213 istam
2175 1181 2287 1223 depra-

1327 1234 1419 1266 vabat
1442 1237 1473 1266 et
1497 1234 1624 1266 sinistro
1647 1233 1740 1266 modo
1763 1233 1946 1267 adducebat.

1417 1288 1468 1319 21.
1487 1287 1588 1326 (Vers.
1610 1288 1684 1327 11.).
1710 1287 1840 1328 Propter
1857 1287 2066 1319 adiutorium
2085 1296 2159 1320 vero
2177 1287 2212 1320 in
2228 1288 2287 1321 ad-

1328 1340 1433 1372 versis
1467 1340 1623 1382 adiungit:
1662 1341 1700 1372 Et
1735 1341 1817 1384 quia.
1848 1340 1883 1372 in
1918 1340 2077 1373 manibus
2113 1341 2221 1373 tollent
2244 1346 2287 1381 te,

1328 1392 1418 1434 quasi
1456 1393 1642 1433 portitores,
1674 1393 1848 1426 secundum
1884 1393 1968 1435 quod
2004 1394 2119 1436 legitur
2154 1394 2288 1437 Angelus

1327 1448 1469 1486 portasse
1493 1445 1650 1484 Habacuc‚
1675 1446 1811 1479 Danielis
1838 1446 1984 1479 1111111108.
2012 1446 2059 1479 Ne
2081 1446 2167 1489 forte
2191 1446 2288 1491 offen-

1327 1499 1390 1530 das
1422 1498 1468 1530 ad
1502 1497 1645 1539 lapidem
1675 1499 1789 1540 pedem
1822 1504 1936 1538 tuum,
1966 1499 1997 1532 id
2032 1503 2095 1538 est,
2132 1503 2168 1532 ut
2202 1500 2289 1533 nulla

1328 1551 1427 1594 possis
1444 1551 1578 1584 laesione
1594 1551 1717 1590 offendi,
1735 1552 1816 1584 sicut
1832 1552 1948 1585 dicitur
1965 1552 2017 1585 iob
2033 1553 2161 1595 quinto:
2184 1566 2199 1582 «
2211 1553 2289 1586 Cum

1328 1605 1483 1647 lapidibus
1515 1604 1679 1646 regionum
1715 1604 1775 1636 erit
1810 1608 1937 1646 pactum
1969 1609 2079 1644 tuum,
2110 1609 2142 1638 et
2172 1606 2289 1639 bestiae

1327 1662 1432 1692 terrae
1456 1658 1602 1700 pacificae
1625 1661 1720 1691 erunt
1745 1658 1800 1690 tibi
1817 1671 1847 1690 ».
1873 1676 1914 1681 —
1939 1658 1974 1690 Et
1998 1662 2088 1697 nota,
2117 1659 2202 1701 quod
2225 1659 2290 1692 dia-

1327 1712 1418 1745 bolus
1443 1715 1591 1754 tanquam
1618 1714 1767 1744 versutus
1790 1720 1853 1743 11011
1869 1711 1986 1743 addidit
2003 1711 2086 1753 quod
2104 1712 2249 1754 sequitur
2261 1712 2288 1744 ⁹:

1332 1779 1348 1794 «
1364 1767 1465 1808 Super
1489 1764 1627 1807 aspidem
1663 1767 1693 1797 et
1728 1764 1909 1797 basiliscum
1944 1764 2120 1802 ambulabis
2152 1768 2183 1797 et
2217 1773 2290 1797 con-

1327 1818 1465 1851 culcabis
1490 1818 1609 1851 leonem
1634 1821 1665 1850 et
1687 1818 1899 1856 draconem»,
1924 1817 2074 1860 quiahoc
2091 1821 2159 1850 erat
2182 1820 2291 1850 contra

1327 1881 1410 1905 eum.
1436 1872 1468 1904 ln
1493 1881 1557 1914 quo
1580 1871 1774 1910 ostenditur,
1800 1871 1884 1913 quod
1909 1871 2019 1904 vitium
2037 1871 2227 1904 diabolicum
2242 1875 2289 1904 est

1327 1925 1529 1958 auctoritates
1543 1929 1690 1958 truncare
1704 1928 1734 1958 et
1747 1925 1786 1957 ad
1799 1928 1921 1967 partem
1939 1933 2028 1957 suam
2046 1925 2190 1964 trahere;
2207 1924 2290 1957 unde

1328 1978 1526 2020 Apocalypsis
1549 1978 1674 2011 ultimo:
1705 1991 1719 2007 α
1737 1979 1767 2010 Si
1792 1979 1864 2020 quis
1898 1978 2082 2011 diminuerit
2112 1978 2151 2011 de
2181 1978 2286 2011 verbis

1328 2031 1511 2073 prophetiae
1535 2031 1606 2063 libri
1632 2031 1745 2070 huius,
1770 2031 1892 2064 auferet
1916 2032 2000 2064 Deus
2024 2034 2145 2073 partem
2163 2031 2230 2064 eius
2251 2031 2290 2064 de

1328 2084 1410 2116 libro
1434 2084 1515 2116 vitae
1533 2097 1562 2115 n.

1418 2138 1470 2169 22.
1497 2137 1598 2177 (Vers.
1634 2136 1707 2178 i2.).
1738 2137 1774 2169 Et
1809 2137 2009 2179 respondens
2034 2138 2127 2170 Iesus
2150 2139 2208 2169 etc.
2238 2136 2291 2169 Hic

1328 2183 1399 2233 post
1422 2190 1601 2232 pestiferam
1627 2190 1803 2223 suasionem
1827 2189 1912 2222 addit
1936 2190 2139 2223 dominicam
2156 2199 2290 2231 respon-

1328 2245 1452 2278 sionem
1477 2244 1605 2277 brevem
1630 2246 1661 2276 et
1685 2243 1858 2282 efficacem,
1882 2252 1955 2276 cum
1972 2243 2063 2276 dicit:
2081 2243 2289 2285 Respondeas

1399 2404 1410 2419 ⁶
1430 2407 1540 2438 Vulgata
1561 2404 1648 2439 qu0d;
1662 2407 1708 2431 cfr.
1722 2408 1809 2431 tamen
1824 2406 1910 2431 Matth.
1926 2405 1955 2436 4,
1970 2405 2000 2436 6;
2015 2405 2054 2430 Ρ5.
2069 2405 2112 2436 90,
2128 2405 2137 2429 i
2150 2405 2168 2430 Ι.
2182 2418 2218 2424 -
2232 2405 2293 2430 Sen-

1328 2450 1405 2476 tentia
1419 2450 1513 2475 Leonis
1533 2449 1644 2475 habetur
1664 2451 1749 2475 561111.
1768 2450 1810 2475 27.
1826 2449 1899 2482 (alias
1918 2449 1971 2482 26.)
1987 2449 2012 2475 in
2025 2450 2109 2475 Nativ.
2128 2449 2247 2480 Domini,
2265 2449 2291 2475 7.

1328 2503 1350 2521 c.
1365 2496 1394 2521 3:
1409 2496 1439 2520 Et
1451 2495 1487 2520 ibi
1501 2502 1594 2521 causas
1608 2496 1711 2528 quaerit
1729 2495 1855 2527 nocendi,
1874 2495 1920 2521 ubi
1939 2502 2074 2528 quemque
2086 2495 2182 2521 viderit
2194 2488 2291 2521 'studio-

1328 2539 1382 2565 sius
1401 2538 1536 2571 occupari.
1551 2552 1587 2557 —
1601 2538 1727 2570 Superius
1746 2545 1795 2570 pro
1814 2538 2002 2565 excussionem
2021 2539 2081 2564 vat.
2100 2538 2291 2565 exclusionem.

1399 2581 1410 2597 ⁶
1429 2584 1461 2609 Ut
1480 2582 1591 2608 habetur
1605 2583 1645 2608 Ps.
1665 2583 1712 2614 90,
1735 2583 1781 2613 Η,
1796 2582 1906 2614 Vulgata
1927 2582 1968 2608 hic
1987 2583 2064 2614 legit:
2084 2583 2118 2609 Ut
2136 2585 2293 2610 conservent

1328 2630 1366 2661 te,
1385 2628 1458 2661 quod
1478 2627 1553 2660 ponit
1573 2627 1645 2658 Vat.,
1659 2633 1728 2659 quae
1740 2626 1818 2652 etiam
1832 2626 1928 2652 omittit
1941 2626 1968 2652 id
1980 2628 2020 2652 est
2032 2625 2165 2660 operibus.
2176 2640 2212 2646 —
2225 2626 2292 2653 Sub-

1329 2673 1391 2699 inde
1419 2673 1563 2704 allegantur
1592 2671 1671 2697 Exod.
1702 2671 1749 2701 23,
1778 2671 1827 2701 20,
1857 2669 1924 2696 Tob.
1949 2671 1996 2701 12,
2017 2671 2047 2702 3;
2071 2670 2155 2696 Iudith
2177 2671 2224 2703 ⁴3,
2244 2672 2292 2703 20;

1328 2717 1406 2743 Ilebr.
1428 2718 1456 2749 i,
1479 2717 1519 2742 14.
1540 2719 1565 2742 61
1584 2716 1639 2742 1531.
1660 2716 1708 2745 62,
1728 2716 1753 2741 6.

1400 2760 1409 2775 ⁷
1429 2761 1481 2788 Ctr.
1500 2762 1527 2787 112
1549 2762 1618 2786 Sent.
1638 2761 1665 2786 d.
1687 2761 1727 2786 ll.
1740 2767 1764 2786 a.
1785 2761 1808 2785 i.
1829 2767 1855 2793 q.
1876 2760 1899 2785 3.
1919 2773 1954 2779 —
1974 2759 2290 2792 llicrOn.‚.i,Comment‚

1328 2806 1354 2832 in
1374 2806 1459 2831 Mattli.
1482 2805 1510 2836 4,
1531 2806 1561 2830 6:
1581 2805 1680 2831 Verum
1709 2804 1743 2830 ibi
1764 2804 1815 2838 [Ps.
1836 2804 1883 2835 90,
1911 2805 1920 2829 i
1929 2803 1963 2838 i.]
1984 2811 2035 2830 non
2055 2804 2089 2830 de
2107 2803 2224 2836 Christo,
2243 2805 2291 2830 sed

1328 2850 1361 2875 de
1381 2850 1438 2875 viro
1456 2852 1546 2875 sancto
1571 2849 1709 2882 prophetia
1728 2853 1774 2875 est.
1796 2849 1859 2874 Male
1883 2855 1948 2881 ergo
1967 2849 2152 2881 interpretatur
2176 2849 2290 2881 Scriptu-

1328 2901 1371 2920 ras
1390 2894 1520 2920 dinbolns.
1542 2893 1617 2920 Certe
1635 2894 1657 2919 si
1677 2900 1740 2919 vere
1759 2894 1792 2919 dc.
1812 2894 1946 2919 Salvatore
1965 2894 2091 2926 scriptum
2106 2897 2232 2925 noverat,
2251 2894 2294 2920 de-

1329 2938 1422 2964 buerat
1441 2941 1466 2964 et
1485 2938 1547 2964 illud
1566 2938 1669 2968 dicere,
1688 2938 1760 2970 quod
1779 2938 1804 2963 iu
1829 2937 1923 2963 codem
1943 2938 2045 2963 Psalmo
2066 2937 2102 2971 [v.
2130 2937 2183 2971 i3.]
2203 2942 2293 2964 contra

1329 2990 1358 3009 se
1376 2983 1509 3015 sequitur:
1528 2982 1619 3016 Super
1643 2981 1762 3016 aspidem
1788 2983 1813 3008 et
1831 2981 1985 3008 basiliscum
2010 2981 2163 3008 ambulabis
2182 2969 2215 3009 et¹
2231 2989 2293 3009 con-

1329 3027 1448 3055 culcabis
1468 3027 1570 3054 leonem
1589 3028 1613 3053 et
1632 3026 1784 3053 draconem.
1810 3026 1847 3051 De
1866 3026 2024 3057 Angelorum
2045 3026 2139 3051 auxilio
2159 3027 2234 3060 quasi
2259 3028 2294 3053 ad

1330 3072 1463 3098 infirmum
1483 3072 1606 3105 loquitur,
1626 3071 1659 3097 de
1678 3077 1725 3096 sua
1745 3070 1937 3096 conculcatione
1956 3070 2030 3103 quasi
2051 3067 2237 3102 tergiversator
2256 3075 2293 3097 ta-

1329 3120 1377 3143 cet.
1397 3130 1432 3136 -·
1452 3116 1559 3142 lnserius
1578 3118 1637 3148 post
1656 3113 1806 3141 adducebat
1823 3115 1842 3139 B
1866 3114 1950 3140 addit:
1972 3113 2098 3141 Psalmus
2117 3113 2188 3140 enim
2213 3113 2290 3147 dicit,

1330 3165 1358 3187 nt
1377 3161 1525 3187 custodiant
1542 3163 1567 3186 te
1586 3160 1613 3185 in
1633 3159 1682 3185 viis
1702 3159 1771 3190 tuis,
1789 3158 1836 3186 sed
1854 3158 1976 3185 diabolus
1996 3157 2126 3185 suadebat
2145 3158 2248 3185 invium
2267 3161 2291 3185 et

1329 3212 1384 3232 non
1403 3205 1491 3237 viam,
1510 3204 1593 3231 immo
1611 3202 1742 3230 suadebat
1761 3203 1833 3230 viam
1852 3202 1958 3230 dimitti.

1401 3248 1412 3263 ⁸
1433 3250 1506 3276 Vers.
1526 3250 1570 3275 38.
1589 3263 1624 3268 —
1643 3249 1766 3282 Sequitur
1781 3248 1825 3274 lob
1845 3249 1873 3280 5,
1894 3248 1936 3273 23.
1950 3261 1984 3267 —
1998 3247 2124 3279 Superius
2143 3254 2192 3279 pro
2208 3247 2291 3281 porti-

1330 3295 1400 3320 tores
1420 3294 1478 3320 Vat.
1488 3294 1652 3327 portatores.
1671 3292 1723 3318 Cir.
1735 3292 1869 3317 Forcellini
1878 3312 1884 3323 ,
1898 3291 2008 3317 Lexicon
2021 3294 2083 3323 etc,
2097 3294 2122 3316 et
2135 3291 2174 3317 Du
2188 3291 2291 3323 Gange,

1329 3339 1488 3365 Glossarium
1507 3340 1570 3364 etc.:
1592 3336 1709 3363 Portitor
1729 3344 1777 3369 pro
1797 3339 1927 3368 portator,
1947 3336 2069 3367 gerulus,
2089 3335 2201 3362 baiulus.

1400 3381 1412 3396 ⁹
1430 3382 1522 3408 Psalm.
1543 3382 1591 3413 90,
1613 3382 1654 3407 13.
1674 3395 1709 3400 -
1729 3380 1846 3407 Subinde
1872 3381 1998 3411 allegatur
2024 3380 2104 3412 Apoc.
2125 3382 2174 3411 22,
2195 3381 2236 3406 ⁴9.
2255 3394 2290 3400 —

1331 3427 1438 3453 lnt'crius
1457 3434 1505 3459 pro
1525 3425 1698 3453 auctoritates
1717 3424 1766 3451 AC
1778 3425 1830 3450 Dll
1849 3424 2047 3451 auctoritatem.

2325 548 2437 571 Promiccio

2301 574 2403 605 adiutori}
2416 575 2438 598 in

2302 606 2417 628 pro-pern.

2309 1287 2368 1312 Item,
2379 1287 2401 1318 in
2413 1287 2447 1309 ad-

2336 1319 2409 1336 verus.

2310 1659 2327 1680 R
2332 1651 2436 1680 otanduui.

2317 2137 2349 2158 De
2363 2135 2440 2167 Chii⁸²i

2308 2167 2450 2190 responsione.
