2427 3872
409 259 471 285 OPU

128 307 155 333 in
175 306 331 338 intentione,
346 304 370 330 in
396 304 563 337 cogitatione,
579 306 603 331 in
624 306 767 338 affectione,

128 351 153 377 in
173 350 302 377 locutione
330 352 356 376 et
380 350 407 375 111
425 357 507 382 opere
534 350 578 376 Vll
608 350 654 376 301
679 349 712 376 76
732 363 767 369 —

127 394 323 421 misericordiae
335 397 362 420 et
379 394 483 426 pietatis
495 401 548 420 non
571 398 631 420 sunt
650 394 767 420 facienda

127 440 258 465 humanae
276 439 360 465 laudis
382 439 464 470 gratia
485 439 520 473 Vl
537 438 589 464 274
609 438 642 464 25
664 453 697 457 -
717 439 766 471 Qui

127 484 187 510 facit
199 490 279 516 opera
300 490 348 515 pro
362 486 462 509 terrena
483 483 605 509 mercede
617 490 669 508 non
689 482 767 508 habet

127 528 177 554 nisi
205 530 334 554 terrenam
362 527 559 553 retributionem
587 530 612 553 et
631 527 767 552 fraudatur

127 572 249 599 mercede
267 575 370 598 aeterna
391 572 434 598 Vll
449 572 499 597 367
519 572 553 597 29
572 586 607 589 -
626 578 695 604 quae
709 578 766 603 pro-

127 619 185 649 pter
198 616 282 642 Deum
302 616 378 647 flunt,
398 616 519 642 mercede
533 615 670 647 temporali
689 618 715 641 et
727 622 767 641 ae-

126 664 197 687 terna
217 660 297 692 digna
316 662 377 686 sunt
396 659 456 686 ibid.

179 719 214 723 —
233 704 301 730 bona
324 704 357 730 ad
383 705 510 730 honorem
538 704 585 729 Dei
613 706 673 729 sunt
692 710 766 729 reve-

126 749 201 775 landa
223 749 255 774 vl
274 748 326 774 284
346 748 380 774 34
398 763 433 767 -
452 749 478 774 111
502 747 628 780 operibus
652 747 766 773 maxime

126 799 238 825 regnare
265 791 344 819 debet
371 792 503 818 humilitas
531 792 572 818 Vll
603 791 654 818 453
679 791 711 817 44
732 805 766 810 ——

127 836 196 863 bona
216 837 281 863 flunt
300 844 366 862 vana
391 844 437 868 per
455 836 608 869 superbiam
638 836 669 862 Vl
696 836 713 862 5
733 836 760 861 44

126 890 161 900 -·-
186 881 286 907 bonum
306 888 357 907 non
376 881 421 907 dat
449 881 613 906 occasionem
642 880 766 907 scandali-

127 926 204 953 zandi
223 926 257 951 39
277 933 304 958 q.
325 925 339 951 4

138 962 140 965 ⁴
179 984 213 988 —
232 970 370 995 lnssrmitas
389 970 494 995 virtutis
514 969 624 1002 impedit
642 976 766 1002 progres-

126 1021 185 1041 sum
211 1014 370 1046 operationis
398 1014 432 1039 Vl
462 1013 514 1039 584
542 1014 558 1039 7
577 1028 612 1033 —
632 1013 700 1039 bona
728 1016 767 1040 est

127 1065 233 1091 gressus
246 1058 402 1091 spiritualis,
421 1058 467 1091 qui
486 1058 584 1084 sistitur
603 1065 697 1084 somno
716 1059 767 1084 cul-

126 1110 177 1136 pae
195 1103 247 1129 587
271 1110 298 1128 v.
323 1103 350 1128 41
374 1116 410 1122 -
429 1103 539 1128 Gressus
564 1102 650 1129 bonae
673 1110 767 1135 opera-

126 1147 204 1174 tionis
222 1148 339 1173 aufertur
364 1154 378 1173 a
404 1150 489 1173 morte
513 1147 606 1179 culpae
625 1147 676 1173 589
696 1147 713 1173 7
733 1161 767 1165 --

126 1192 217 1218 Μ311113
236 1191 395 1224 operationis
407 1191 502 1223 ligatur
516 1198 563 1223 per
574 1194 726 1224 peccatum,
739 1195 768 1218 ut

126 1243 178 1262 non
207 1236 290 1268 possit
317 1237 396 1262 homo
415 1236 441 1261 in
470 1235 539 1262 bono
568 1236 696 1268 proficere
715 1236 766 1262 593

126 1288 152 1306 v.
173 1280 206 1306 44
226 1294 260 1299 -—
283 1280 404 1306 Defectus
432 1279 517 1306 bonae
545 1280 704 1312 operationis
728 1284 768 1306 est

127 1325 233 1357 signum
262 1324 354 1350 mortis
381 1324 523 1356 spiritualis
551 1324 602 1350 558
631 1331 658 1350 v.
679 1325 712 1350 47
732 1338 767 1344 —

126 1369 301 1401 Recuperatio
320 1368 405 1394 bonae
424 1368 585 1400 operationis
603 1371 643 1395 est
660 1369 774 1401 signum-

126 1412 196 1439 vitae
214 1413 357 1445 spiritualis
375 1413 427 1439 559
448 1420 474 1438 v.
496 1413 529 1438 47

179 1471 215 1477 -·
238 1458 264 1484 ln
292 1457 369 1483 stulto
397 1460 436 1483 est
463 1457 581 1483 defectus
608 1458 767 1490 operationis

127 1503 275 1528 fructuosae
295 1501 328 1526 Vl
347 1501 381 1526 85
400 1509 427 1527 v.
447 1502 480 1528 45
501 1515 537 1521 -
555 1502 575 1527 Α
596 1501 666 1528 bono
685 1509 767 1534 opere

126 1548 242 1572 cessatur
261 1548 369 1578 propter
383 1546 498 1572 taedium
517 1553 548 1572 ex
564 1545 719 1578 deceptione
733 1546 766 1572 95

103 1618 104 1621 Ἴ
126 1598 153 1616 v.
171 1590 188 1616 7
208 1604 241 1608 —-
260 1591 387 1622 vigorem
401 1589 487 1616 bonae
505 1591 665 1623 operationis
683 1592 768 1617 aufert

127 1635 226 1661 tristitia
246 1635 314 1660 mala
334 1635 385 1660 607
405 1635 420 1661 4

179 1693 214 1698 -
227 1679 302 1705 Ratio
316 1679 412 1705 erroris
425 1682 464 1705 est
477 1679 594 1705 defectus
607 1680 695 1712 operis
705 1679 767 1706 boni

127 1723 161 1749 Vl
182 1723 233 1749 284
260 1724 293 1749 32
313 1737 349 1743 -—
377 1724 597 1756 impedimentum
626 1724 715 1750 salutis
743 1728 768 1750 et

127 1767 194 1794 ratio
212 1768 386 1794 damnationis
414 1772 440 1795 et
458 1769 547 1795 iudicii
576 1772 615 1795 est
643 1776 673 1795 ex
693 1772 777 1801 partev

127 1811 245 1838 defectus
263 1813 351 1845 operis
379 1812 439 1838 boni
459 1812 521 1840 ibid.
541 1827 574 1832 ——
594 1814 710 1845 Operum
731 1814 768 1839 in-

129 1856 294 1891 lrtfftuositas
313 1856 470 1883 assimilatur
489 1857 570 1883 cineri
591 1858 641 1882 420
661 1864 688 1883 v.
707 1858 723 1883 5

180 1913 216 1919 —
228 1900 424 1926 misericordiae
436 1903 475 1927 est
488 1901 647 1927 liberalitatis
659 1901 702 1927 Vll
717 1902 767 1927 360

128 1944 143 1970 9
163 1958 198 1964 -
218 1944 321 1977 pietatis
340 1945 486 1971 consistunt
504 1945 530 1971 in
548 1945 677 1971 scandalis
690 1946 770 1971 vitan-

129 1988 170 2014 dis
188 1992 214 2014 et
233 1988 333 2015 iniuriis
351 1989 514 2015 remittendis
533 1989 583 2015 429
601 1991 631 2016 13
644 2004 679 2009 --
691 1990 770 2022 pieta-

127 2033 160 2059 tis
172 2035 234 2059 sunt
246 2032 427 2066 corporalibus
443 2032 570 2066 operibus
588 2035 770 2066 anteponenda

129 2076 180 2103 250
196 2077 246 2103 108
259 2091 294 2097 -
307 2078 410 2110 pietatis
428 2085 477 2110 pro
496 2078 698 2110 praedicationis
716 2080 770 2105 om-

128 2121 169 2148 cio
188 2125 227 2147 est
245 2122 431 2148 dimittendum
450 2121 512 2149 ibid.
525 2137 560 2141 -—
574 2122 705 2155 Operibus
717 2123 770 2156 pie-

128 2166 187 2192 tatis
206 2166 320 2192 maxime
339 2166 368 2192 nt
381 2166 517 2192 retributio
531 2167 656 2193 felicitatis
669 2168 721 2193 368
736 2168 764 2193 31

127 2223 164 2229 -
177 2210 279 2242 pietatis
292 2214 318 2237 et
330 2211 525 2237 misericordiae
537 2218 643 2244 semper
656 2214 696 2237 est
709 2212 769 2238 utile

130 2254 233 2280 facienti
253 2257 279 2281 et
297 2255 331 2281 ad
351 2255 487 2281 facientem
506 2256 645 2284 revertitur
665 2256 715 2282 256
737 2257 769 2282 42

181 2312 217 2318 -
235 2299 275 2325 Ad
293 2305 374 2332 opera
386 2300 625 2332 supererogationis
637 2301 724 2326 nullus
737 2304 770 2326 te-

128 2345 218 2375 netur,
243 2342 292 2369 nisi
318 2346 381 2369 voto
398 2351 427 2369 se
446 2344 592 2370 astrinxerit
610 2344 644 2370 Vl
663 2345 715 2370 389
735 2345 769 2371 28

128 2393 184 2419 arg.
205 2388 215 2412 4

182 2445 217 2451 -
235 2435 322 2458 nostra
348 2435 408 2458 sunt
426 2433 468 2458 vel
494 2432 562 2459 bona
581 2433 623 2459 vel
650 2434 717 2459 mala
737 2434 769 2459 Vl

129 2475 162 2501 64
181 2482 208 2509 q.
228 2476 238 2501 4
262 2490 297 2495 -
316 2477 410 2502 Μ3111111
430 2483 498 2509 opus
516 2480 555 2503 est
573 2477 639 2503 ratio
652 2478 769 2510 fugiendi

129 2520 230 2551 lucem,
249 2527 282 2546 ne
301 2520 479 2547 manifestetur
499 2521 550 2547 284
565 2522 612 2554 32,
627 2522 660 2548 33
674 2536 708 2541 -
722 2522 770 2548 Ho-

129 2568 173 2590 mo
193 2564 351 2596 pervertitur
376 2572 424 2597 per
449 2565 565 2598 iniquam
591 2566 770 2598 operationem

131 2608 163 2634 48
184 2615 210 2634 ν.
230 2608 264 2634 45
282 2622 318 2628 -
335 2609 408 2642 lmpii
423 2609 487 2641 ipsis
499 2610 554 2636 suis
567 2610 693 2642 operibus
706 2610 771 2643 peri-

130 2655 237 2679 muntur
264 2653 310 2679 484
339 2660 366 2679 ν.
392 2654 425 2679 20
451 2667 486 2673 -
511 2655 579 2680 mala
604 2658 664 2681 suut
692 2662 770 2681 causa

129 2696 284 2730 perditionis
303 2697 354 2723 416
373 2704 399 2723 v.
420 2698 452 2723 42

182 2754 218 2760 -
237 2741 377 2774 Templum
405 2742 530 2774 violatur,
558 2743 666 2776 quando
691 2744 771 2769 homo

130 2788 264 2817 perpetrat
282 2786 377 2812 malam
396 2787 576 2818 operationem
596 2787 627 2813 Vl
642 2787 692 2813 578
708 2787 723 2813 4
736 2802 771 2806 —

131 2829 215 2854 Homo
228 2829 395 2861 spiritualiter
408 2833 526 2856 mortuus
539 2832 644 2857 eflertur
655 2831 680 2857 in
691 2838 771 2863 opere

131 2872 183 2898 585
198 2873 207 2898 l
225 2886 261 2892 —
275 2874 334 2899 Post
346 2878 457 2899 mortem
477 2874 502 2899 in
521 2881 650 2901 consensu
670 2875 771 2907 peccati

130 2918 282 2948 pervenltur
301 2917 328 2942 in
347 2924 415 2949 opus
433 2920 459 2943 et
477 2917 511 2943 ab
529 2925 609 2950 opere
622 2920 648 2944 in
662 2925 771 2945 consue-

131 2960 248 2987 tudinem
267 2961 319 2986 399
338 2962 372 2986 30
392 2975 424 2980 -—
438 2962 536 2987 malum
549 2962 710 2994 significatur
723 2970 771 2995 per

132 3007 264 3031 mortuum
284 3008 355 3031 extra
374 3005 484 3031 domum
506 3005 556 3031 406
576 3006 609 3031 63

186 3063 219 3068 --
239 3049 317 3082 Operi
337 3050 464 3082 corporali
484 3056 535 3075 non
554 3052 593 3075 est
605 3050 769 3082 vacandum,

131 3094 237 3126 quando
257 3094 408 3120 vacandum
427 3101 466 3119 est
484 3094 610 3119 auditioni
631 3094 703 3119 verbi
724 3095 770 3120 Dei

133 3137 166 3163 Vl
177 3137 226 3163 327
239 3138 267 3163 54
282 3151 318 3157 -
328 3138 456 3171 Quietatio
467 3137 501 3162 ab
511 3137 635 3163 omnibus
644 3138 770 3170 operibus

133 3181 274 3208 servilibus
293 3185 347 3208 erat
367 3182 554 3208 caeremoniale
574 3182 625 3207 308
646 3183 673 3207 31
691 3182 718 3207 4·
737 3197 770 3201 -

134 3225 227 3251 servile
246 3226 407 3257 prohibitum
427 3229 482 3251 erat
496 3226 520 3251 in
535 3225 650 3251 Sabbnto
663 3226 714 3251 306
734 3227 762 3251 21

186 3282 223 3288 -
241 3270 343 3295 servilia
363 3277 394 3295 ex
413 3270 507 3296 timore
526 3269 591 3295 fiunt
609 3269 652 3295 Vll
672 3269 723 3296 345
738 3270 771 3295 35

134 3325 169 3331 ——
187 3313 289 3338 servilia
314 3321 367 3340 non
391 3317 500 3346 possunt
524 3314 638 3339 animam
666 3321 771 3340 sursum

134 3358 236 3394 erigere
255 3357 316 3385 ibid.

793 217 830 249 IN
854 215 1146 248 COMMENTARIOS
1170 215 1198 248 S.
1224 215 1449 248 SCRIPTURAE

857 304 954 330 OnArlo
972 318 1007 322 -—
1026 303 1107 330 Orare
1119 307 1159 330 est
1172 303 1311 336 indigentis
1324 307 1350 329 et
1362 304 1444 335 impo-

805 348 882 374 tentis
901 348 933 373 Vl
955 347 1005 373 468
1025 348 1040 372 8
1060 354 1116 379 arg.
1138 347 1189 373 469
1209 348 1224 372 9
1237 361 1272 366 -
1286 348 1375 373 Νι111υ3
1388 350 1444 373 orat

805 399 852 424 pro
871 398 902 417 eo
921 391 994 425 quod
1015 394 1099 423 potest
1118 398 1166 423 per
1184 398 1212 417 se
1232 393 1316 417 facere
1336 391 1386 417 442
1409 392 1443 416 35

805 443 860 467 arg.
874 443 908 454 ·—
923 436 970 461 Per
988 435 1132 461 orationem
1151 435 1315 461 exhibendus
1334 438 1373 461 est
1391 436 1445 461 Deo

805 480 889 505 cultus
907 482 933 505 et
951 479 1095 505 reverentia
1115 479 1158 504 Vll
1179 480 1230 505 225
1250 480 1283 504 30

857 538 892 542 -
911 527 950 549 831
974 523 1081 549 rationis
1105 523 1138 548 Vl
1165 523 1215 548 449
1242 523 1275 548 42
1299 530 1356 555 arg.
1375 524 1390 548 3
1410 537 1444 542 -

804 568 875 594 Scire
894 574 970 593 orare
994 567 1077 593 Deum
1103 567 1216 599 pertinet
1239 567 1273 592 ad
1299 567 1444 592 doctrinam

803 612 921 644 pietatis,
940 611 1065 644 quoniam
1080 611 1106 636 in
1119 611 1236 636 oratione
1250 611 1392 642 praecipue
1405 617 1444 636 co-

803 657 864 682 litur
883 656 952 682 Deus
973 656 1015 681 Vll
1035 655 1086 680 278
1107 656 1122 680 3
1142 668 1177 674 -
1196 656 1309 686 perfecta
1328 654 1447 680 consistit

803 700 833 725 in
849 700 1013 726 confessione
1032 699 1211 732 excellentiae,
1230 698 1389 724 exhibitione
1408 705 1447 724 re·

803 745 948 777 verentiae,
969 744 1093 776 petitione
1105 743 1301 769 misericordiae
1315 746 1340 768 et
1352 743 1446 775 allega-

803 789 873 815 tione
892 788 1052 821 indigentiae
1072 788 1123 814 240
1143 788 1177 813 73

857 847 892 852 -
911 833 1004 865 Magna
1023 836 1062 858 est
1081 832 1195 864 dignitas
1214 832 1338 858 orationis
1357 832 1447 857 818111-

803 878 873 904 83813
894 877 936 903 Vll
956 877 1007 903 278
1028 877 1043 902 3
1063 891 1097 895 —
1117 877 1209 908 Angeli
1228 876 1374 908 suscipiunt
1392 883 1447 901 ora-

804 923 899 948 tionem
920 921 1043 948 manibus
1061 921 1116 947 suis
1129 924 1155 947 et
1166 922 1277 946 afferunt
1290 923 1349 946 ante
1362 920 1445 946 Deum

803 966 865 993 ibid.
886 981 919 985 -
939 969 978 992 est
997 965 1087 997 missio
1113 965 1264 997 legationis,
1289 970 1370 998 quam
1397 971 1445 997 pro

803 1011 879 1037 nobis
898 1013 1001 1043 portant
1020 1010 1112 1042 Angeli
1130 1013 1189 1036 ante
1208 1012 1379 1042 conspectum
1399 1009 1445 1034 Dei

804 1056 855 1082 379
876 1055 909 1081 64

858 1115 893 1119 -
913 1100 1019 1133 proprie
1044 1103 1083 1126 est
1108 1100 1142 1125 de
1166 1099 1243 1125 honis
1268 1098 1446 1131 adipiscendis

805 1146 838 1172 Vl
858 1145 909 1171 226
930 1153 956 1171 v.
976 1145 1004 1171 24
1022 1158 1058 1164 -
1072 1144 1151 1170 debet
1163 1151 1221 1170 esse
1234 1146 1343 1176 propter
1355 1143 1446 1175 triplex

805 1189 904 1216 bonum
925 1189 1120 1223 assequendum
1141 1189 1183 1215 Vll
1203 1188 1254 1214 558
1274 1189 1307 1214 58
1320 1201 1356 1207 —-
1368 1187 1447 1213 Oran-

804 1234 867 1260 dum
888 1237 928 1260 est
946 1241 995 1266 pro
1014 1233 1098 1260 tribus
1117 1233 1168 1259 380
1187 1233 1221 1259 64
1240 1234 1317 1259 —ln
1330 1231 1447 1258 oratione

803 1279 959 1311 postulanda
985 1281 1024 1304 est
1043 1278 1235 1304 consummatio
1255 1277 1368 1310 gloriae,
1388 1283 1447 1302 con-

803 1323 917 1349 servatio
937 1323 1050 1355 gratiae,
1070 1322 1228 1349 condonatio
1247 1322 1340 1348 veniae
1359 1321 1410 1347 279
1430 1320 1445 1346 7

803 1381 839 1386 -
857 1367 965 1400 ponitur
984 1374 1032 1399 pro
1051 1367 1205 1393 remissione
1224 1369 1393 1399 peccatorum
1412 1366 1446 1392 Vl

804 1412 856 1438 226
877 1420 903 1438 ν.
923 1413 955 1438 26
976 1426 1010 1430 -
1029 1415 1116 1438 nostra
1135 1411 1215 1438 debet
1232 1418 1290 1438 esse
1309 1411 1342 1438 ad
1362 1411 1446 1437 Deum

805 1457 918 1489 trinum,
938 1460 1028 1482 contra
1047 1457 1138 1489 triplex
1157 1463 1241 1488 genus
1260 1456 1446 1489 tentationum,

804 1501 951 1527 secundum
971 1501 1099 1533 triplicem
1118 1504 1207 1526 actum
1226 1500 1403 1533 potentiarum
1422 1503 1448 1526 et

803 1545 951 1571 secundum
970 1545 1099 1577 triplicem
1124 1545 1298 1577 theologicam
1323 1545 1446 1571 virtutem

804 1589 848 1615 Vll
868 1589 920 1615 558
940 1590 974 1616 58

858 1647 892 1653 -
911 1633 991 1660 debet
1009 1634 1066 1660 fleri
1085 1634 1119 1660 ad
1138 1635 1240 1660 Patrem
1254 1634 1280 1660 in
1293 1634 1399 1660 nomine
1411 1634 1448 1659 Fi-

805 1678 831 1703 lii
852 1678 885 1703 Vl
906 1678 956 1704 438
978 1678 1010 1704 14
1030 1692 1065 1711 ε
1084 1679 1175 1705 01111113
1193 1681 1281 1704 nostra
1303 1678 1386 1704 oratio
1404 1678 1448 1704 de-

805 1722 849 1748 bet
873 1723 960 1748 offerri
979 1730 1027 1755 per
1045 1723 1177 1749 Christum
1199 1723 1240 1749 Vll
1261 1723 1294 1749 45
1315 1723 1348 1748 45
1367 1735 1403 1741 -
1422 1722 1447 1748 111

805 1767 913 1793 1101111118
932 1766 1027 1794 Christi
1048 1768 1114 1793 facta
1134 1767 1272 1794 exauditur
1290 1767 1324 1792 Vl
1339 1766 1390 1792 438
1405 1766 1448 1792 45.

806 1810 851 1837 451
877 1812 909 1837 23
929 1825 965 1831 -
983 1811 1067 1838 Orans
1086 1812 1150 1844 petit
1169 1812 1203 1837 ad
1222 1812 1348 1842 salutem,
1366 1811 1388 1836 si
1402 1817 1448 1842 pe-

805 1855 835 1881 tit
853 1855 879 1881 in
898 1855 1003 1881 nomine
1023 1856 1077 1882 lesu
1099 1856 1149 1881 466
1171 1855 1203 1881 48

859 1913 894 1918 -
913 1901 978 1926 solet
1003 1900 1119 1925 exaudiri
1145 1903 1253 1932 propter
1272 1900 1382 1931 gratiam
1402 1907 1449 1932 pe-

807 1944 884 1969 tentis
905 1944 935 1970 Vl
956 1944 1006 1969 604
1020 1952 1047 1970 ν.
1060 1944 1076 1970 7
1091 1959 1123 1963 -
1138 1945 1177 1970 est
1190 1944 1270 1976 digna
1284 1944 1449 1970 exauditione

807 1991 832 2014 et
850 1988 995 2021 exauditur,
1014 1989 1036 2014 si
1055 1996 1134 2015 orans
1159 1989 1192 2015 sit
1216 1989 1313 2020 dignus
1337 1992 1362 2015 et
1386 1989 1450 2015 assi-

807 2032 877 2059 duus
901 2036 927 2059 et
952 2036 1023 2065 petat
1048 2033 1082 2059 ad
1106 2033 1216 2059 salutem
1237 2037 1262 2059 et
1281 2040 1329 2066 pro
1349 2040 1377 2059 se
1397 2033 1448 2059 466

809 2077 841 2103 48
861 2091 895 2095 —-—
914 2077 998 2103 Orans
1016 2081 1055 2103 est
1074 2077 1185 2110 dignus,
1204 2078 1249 2110 qui
1263 2077 1343 2104 habet
1355 2078 1449 2109 fldem,

807 2128 883 2153 spem
902 2125 927 2147 et
946 2122 1080 2148 caritatem
1099 2121 1161 2148 ibid.
1182 2136 1215 2140 —
1228 2122 1353 2148 orationis
1366 2122 1450 2148 virtus

807 2173 839 2192 ex
857 2173 921 2192 vera
947 2166 1000 2192 fide
1019 2166 1138 2199 procedit
1158 2167 1199 2192 Vll
1220 2166 1266 2192 474
1291 2167 1324 2192 62
1344 2180 1379 2186 -
1397 2173 1450 2192 818-

807 2210 927 2236 dentium
946 2209 1084 2237 exauditur
1102 2212 1134 2237 Vl
1150 2211 1201 2236 465
1215 2211 1243 2237 41
1261 2225 1295 2230 -
1308 2211 1450 2237 observan-

807 2255 873 2280 tium
893 2255 1015 2281 mandata
1035 2255 1173 2281 exauditur
1193 2255 1243 2281 448
1263 2256 1287 2281 8.
1303 2255 1353 2281 470
1371 2255 1401 2280 15
1416 2269 1449 2274 —

807 2298 958 2325 Orationem
978 2303 1148 2331 peccatorum
1174 2299 1244 2325 Deus
1268 2306 1319 2325 non
1345 2299 1450 2325 exaudit

808 2343 860 2369 379
880 2343 913 2368 37

859 2402 894 2406 —
914 2387 1026 2419 Spiritus
1044 2391 1149 2413 sauctus
1167 2388 1245 2414 docet
1268 2391 1293 2413 et
1318 2388 1450 2419 compellit

807 2437 897 2464 petere
916 2432 949 2457 Vl
969 2431 1020 2457 464
1041 2432 1074 2457 40
1093 2446 1128 2450 —
1147 2431 1326 2457 Consideratio
1342 2431 1449 2458 oblatio-

807 2476 847 2502 nis
867 2476 969 2501 Domini
990 2476 1014 2501 in
1036 2476 1132 2508 templo
1151 2476 1280 2501 illuminat
1298 2475 1332 2501 ad
1357 2476 1450 2501 oratio-

808 2527 868 2546 nem
888 2520 940 2546 302
959 2520 993 2546 83
1014 2520 1068 2553 (82)
1090 2533 1124 2538 -
1142 2520 1224 2546 Orare
1249 2520 1386 2546 erudimur
1405 2527 1449 2545 vo-

808 2565 855 2591 cali
875 2565 993 2591 oratione
1012 2564 1105 2590 Christi
1126 2564 1171 2590 471
1197 2565 1225 2590 24

861 2623 896 2628 -
916 2609 1012 2635 devota
1031 2609 1110 2641 exigit
1128 2609 1319 2640 separationem
1334 2616 1348 2634 a
1362 2616 1450 2634 carna-

809 2653 877 2680 libus
896 2653 1031 2680 affectibus
1052 2654 1092 2679 Vll
1113 2653 1164 2679 556
1185 2654 1217 2679 53
1239 2667 1272 2672 —-
1291 2660 1349 2679 esse
1371 2653 1450 2679 debet

808 2699 908 2724 elevata
928 2705 942 2724 a
962 2699 1072 2724 terrenis
1092 2698 1137 2724 441
1162 2698 1196 2724 25
1214 2712 1250 2717 -
1269 2698 1384 2724 Orationi
1403 2705 1450 2724 no-

808 2746 877 2768 strae
896 2742 1023 2775 praebent
1040 2742 1206 2769 obstaculum
1223 2750 1312 2768 rerum
1326 2743 1451 2775 imagina-

808 2788 892 2813 tiones
912 2787 957 2813 47l
982 2788 1016 2813 62
1035 2801 1070 2807 —-
1090 2788 1139 2820 Qui
1165 2787 1220 2813 vult
1248 2794 1323 2813 orare
1347 2790 1451 2818 oportet

808 2838 913 2857 sursum
934 2832 1036 2864 erigere
1056 2839 1083 2857 se
1103 2831 1153 2857 453
1176 2831 1208 2857 45
1227 2845 1262 2850 —
1276 2831 1359 2857 Orans
1371 2830 1450 2857 debet

808 2876 951 2902 ascendere
970 2876 1003 2901 ad
1022 2876 1109 2901 locum
1128 2876 1284 2901 eminentem
1305 2875 1356 2901 555
1376 2875 1404 2899 51

861 2933 897 2939 -—
915 2920 985 2945 Deus
1004 2920 1059 2945 vult
1077 2919 1146 2945 orari
1171 2926 1232 2944 cum
1258 2919 1350 2945 humili
1375 2925 1449 2944 vere-

808 2964 903 2990 cundia
923 2964 965 2990 Vll
987 2964 1037 2989 455
1057 2965 1085 2989 21
1114 2977 1145 2983 -
1164 2963 1246 2988 Orans
1259 2969 1287 2988 se
1301 2963 1388 2994 ipsum
1403 2964 1449 2988 hu—

808 3008 907 3033 miliare
927 3007 1006 3034 debet
1023 3011 1049 3033 et
1067 3008 1151 3033 Deum
1171 3007 1282 3033 exaltare
1302 3006 1352 3032 456
1367 3007 1400 3032 23
1413 3020 1449 3026 —

808 3051 833 3076 111
853 3052 970 3077 oratione
990 3051 1079 3077 haberi
1099 3059 1151 3077 non
1178 3054 1263 3083 potest
1287 3050 1446 3082 reverentia,

807 3096 856 3121 nisi
886 3095 1013 3122 habeatur
1039 3096 1170 3121 humilitas
1198 3095 1221 3120 in
1251 3094 1448 3120 conversatione

809 3139 860 3164 452
876 3140 907 3165 43
927 3154 960 3158 -
981 3140 1060 3166 debet
1078 3146 1168 3165 carere
1186 3139 1258 3164 omni
1277 3138 1448 3163 ostentatione

808 3186 833 3208 et
858 3184 1044 3216 inquietatIOne
1069 3184 1120 3209 225
1143 3184 1175 3209 30
1195 3197 1229 3201 —
1249 3182 1382 3207 Orandum
1403 3182 1448 3207 de—

809 3230 883 3258 vote,
909 3228 1040 3253 humiliter
1063 3231 1088 3253 et
1113 3227 1224 3253 discrete
1250 3226 1281 3251 Vl
1309 3225 1358 3251 467
1379 3226 1394 3251 2
1414 3239 1448 3244 -

809 3270 888 3297 habet
906 3272 1048 3297 efficacium
1069 3279 1099 3297 ex
1118 3270 1262 3296 reverentia
1275 3273 1300 3295 et
1318 3269 1448 3295 confiden-

809 3314 842 3340 tia
862 3315 905 3341 Vll
925 3315 976 3341 278
995 3316 1011 3341 5
1024 3329 1059 3335 -
1072 3316 1181 3345 devota,
1201 3314 1318 3344 humilis,
1337 3319 1397 3339 cum
1411 3320 1449 3339 re·

809 3359 924 3385 verentia
953 3359 1040 3386 cordis
1067 3359 1180 3384 maxime
1209 3358 1262 3383 Deo
1287 3358 1371 3388 placet
1396 3357 1446 3383 556

2053 215 2117 248 803

1770 258 1836 284 01111

1481 303 1514 328 53
1535 318 1569 321 -
1592 310 1639 335 per
1662 303 1860 329 insinuationem
1884 303 1912 329 nt
1934 304 2067 335 tripliciter
2088 304 2119 329 Vl

1482 348 1533 372 396
1553 348 1586 372 43

1534 406 1568 410 -
1594 392 1739 417 necessaria
1766 395 1805 417 est
1830 392 1871 417 Vll
1897 392 1948 417 539
1975 393 2007 417 58
2027 406 2062 410 -
2081 392 2118 417 Ad

1482 435 1626 460 orationem
1646 439 1750 466 oportet
1769 436 1977 468 frequentissime
1990 439 2015 461 et
2028 436 2120 461 instan-

1482 479 1580 504 tissime
1605 486 1740 505 recurrere
1761 479 1810 504 448
1831 481 1846 504 2
1868 494 1899 497 -
1919 481 2029 511 Semper
2048 487 2121 505 oran-

1481 524 1545 549 dum
1571 527 1610 549 est
1631 523 1664 548 ad
1684 524 1832 555 exemplum
1853 523 1946 549 Christi
1967 524 1999 548 82
2019 524 2067 554 50,
2087 524 2115 548 51

1481 581 1516 586 -
1535 566 1668 592 Orandum
1689 571 1728 593 cst
1747 574 1851 599 semper
1870 568 1971 592 statutis
1985 568 2055 593 horis
2071 568 2120 593 448

1483 612 1498 636 2
1518 625 1553 630 -
1573 611 1727 643 Quaerenda
1747 615 1786 636 est
1798 612 1979 643 opportunitas
1998 612 2123 643 temporis

1483 655 1517 681 ad
1535 656 1665 681 orandum
1686 655 1718 680 Vl
1738 656 1771 680 66
1792 663 1818 680 v.
1838 656 1867 687 5,
1888 656 1902 680 6
1922 669 1956 674 --
1970 655 2046 680 Omni
2061 660 2122 680 tem-

1484 706 1547 731 pore
1573 699 1748 725 indifferenter
1767 703 1805 724 est
1824 699 1952 725 orandum
1974 700 2014 724 Vll
2035 700 2085 724 278
2106 701 2121 724 2

1482 757 1518 762 -
1529 744 1562 769 311
1575 750 1680 775 semper
1693 744 1719 768 in
1733 750 1778 769 ore
1797 750 1844 775 per
1861 744 2060 775 postulationem
2071 763 2077 774 ,
2098 743 2122 768 in

1483 787 1563 813 corde
1583 794 1630 819 per
1648 787 1824 819 desiderium,
1845 787 1868 812 in
1889 794 1969 819 opere
1990 794 2036 819 per
2051 794 2124 819 prae-

1483 833 1647 864 parationem
1674 831 1724 857 448
1750 832 1766 857 2
1787 846 1820 850 --
1850 831 1931 857 Orare
1956 831 2050 857 desinit
2079 831 2125 864 qui

1483 876 1578 903 desinit
1596 883 1654 902 esse
1673 877 1756 902 iustus
1775 875 1838 902 ibid.

1536 935 1571 938 —
1590 921 1673 946 Orans
1692 924 1729 946 est
1749 920 1886 950 assiduus,
1906 920 2013 952 quando
2028 921 2125 952 pluries

1482 965 1546 997 petit
1565 965 1598 990 Vl
1619 965 1669 990 466
1684 964 1717 990 48
1729 978 1765 983 —
1779 964 1949 990 insistendum
1964 968 2002 990 est
2015 965 2124 990 orationi

1483 1010 1619 1042 potissime
1638 1010 1664 1035 in
1684 1009 1807 1041 periculis
1827 1008 1869 1034 Vll
1890 1008 1940 1034 556
1961 1009 1994 1034 52
2013 1022 2048 1027 -
2067 1010 2126 1034 11151-

1483 1054 1605 1081 stendum
1625 1056 1664 1080 est
1682 1053 1792 1079 orationi
1812 1056 1883 1078 tanto
1903 1054 2009 1084 fortius,
2025 1059 2125 1086 quanto

1484 1099 1574 1125 fortior
1593 1101 1631 1124 est
1651 1097 1782 1124 tribulatio
1802 1098 1853 1123 557
1874 1098 1907 1123 55
1920 1112 1955 1116 -——
1969 1099 1994 1123 ln
2008 1098 2125 1123 oratione

1483 1143 1647 1175 vigilandum
1666 1146 1706 1168 est
1725 1143 1776 1168 235
1797 1143 1829 1168 58

1535 1201 1571 1207 —-
1591 1187 1728 1213 petitiones
1746 1187 1924 1213 exaudiendae
1948 1187 2045 1213 debent
2068 1193 2126 1213 esse

1483 1231 1650 1258 rationabiles
1669 1232 1702 1257 Vl
1726 1231 1776 1257 470
1797 1232 1829 1257 42
1849 1247 1883 1250 -
1902 1231 1981 1257 debet
2005 1238 2062 1257 esse
2086 1231 2125 1257 di-

1484 1280 1567 1303 screta
1587 1277 1629 1303 Vll
1649 1277 1707 1317 556ι
1721 1276 1754 1302 54
1774 1290 1809 1296 -
1828 1275 1907 1302 debet
1932 1277 1987 1302 fleri
2014 1277 2038 1301 in
2059 1276 2124 1301 veri-

1484 1324 1535 1348 tate
1555 1322 1607 1348 5i9
1621 1321 1655 1347 56
1668 1336 1703 1340 -
1717 1321 1877 1347 simulatoria
1892 1320 2049 1353 reprobatur
2064 1319 2126 1346 ibid.

1483 1380 1519 1385 —
1537 1366 1625 1393 cordis
1643 1366 1699 1392 sine
1717 1369 1810 1392 ornatu
1829 1365 1973 1392 verborum
1987 1373 2002 1391 a
2017 1366 2069 1391 Deo
2083 1372 2126 1391 au-

1484 1411 1554 1437 ditur
1574 1411 1607 1437 Vl
1630 1410 1680 1437 402
1701 1411 1734 1437 43

1537 1471 1572 1474 -
1591 1455 1670 1482 debet
1695 1462 1753 1482 esse
1779 1455 1884 1481 sollicita
1905 1455 1948 1481 Vll
1969 1455 2020 1481 556
2039 1455 2073 1480 52
2093 1468 2127 1473 —-

1484 1508 1544 1527 cum
1565 1501 1732 1532 eleemosyna
1750 1503 1776 1526 ct
1794 1500 1893 1526 ieiunio
1913 1500 2024 1525 maxime
2043 1500 2128 1531 placet

1484 1545 1539 1571 Deo
1560 1545 1611 1571 455
1632 1545 1664 1570 49
1684 1558 1720 1564 -—
1738 1544 1890 1576 importuna
1909 1548 1934 1569 et
1952 1544 2074 1570 continua
2089 1547 2128 1569 est

1485 1589 1614 1615 maximae
1632 1589 1764 1615 efficaciae
1784 1590 1835 1614 282
1856 1589 1888 1614 18
1908 1602 1943 1608 --
1962 1588 2067 1614 Pulsare
2086 1588 2128 1613 de-

1485 1634 1579 1660 bemus
1603 1641 1652 1666 per
1671 1634 1818 1660 instantiam
1844 1633 1968 1659 orationis
1987 1633 2019 1658 Vl
2039 1632 2090 1658 544
2111 1633 2127 1657 2

1484 1693 1519 1697 —
1539 1679 1659 1704 lnstantia
1680 1679 1765 1711 precis
1785 1678 1874 1704 omnia
1893 1678 1974 1703 vincit
1988 1677 2030 1702 Vll
2046 1676 2096 1702 450
2111 1677 2126 1702 8

1484 1736 1519 1742 -
1538 1722 1668 1748 Orationis
1686 1723 1805 1748 instantia
1819 1726 1858 1748 est
1871 1728 1985 1754 magnae
1997 1721 2131 1746 etllcaciae

1485 1766 1531 1792 451
1550 1767 1565 1792 9
1579 1780 1614 1786 -
1627 1766 1757 1792 Orationis
1770 1767 1888 1792 instantia
1901 1765 2034 1792 inclinabit
2044 1765 2128 1790 Deum

1484 1811 1518 1836 ad
1537 1811 1731 1836 exaudiendum
1751 1809 1812 1836 ibid.
1832 1824 1867 1829 —
1885 1810 1934 1843 Qui
1948 1811 2072 1835 instanter
2086 1816 2131 1840 pe—

1486 1855 1514 1880 tit
1533 1854 1632 1881 obtinet
1651 1855 1683 1880 Vl
1703 1855 1749 1880 301
1774 1855 1808 1880 76
1827 1868 1863 1873 -
1882 1855 1980 1880 instans
2006 1855 2129 1885 impetrat

1485 1899 1588 1925 veniam
1609 1900 1643 1925 de
1661 1899 1775 1931 peccatis
1794 1899 1837 1924 Vll
1858 1898 1909 1924 449
1929 1899 1944 1924 2

1538 1958 1573 1963 -
1586 1944 1669 1970 Orans
1682 1946 1882 1976 perseveranter
1897 1943 2018 1974 impetrat
2028 1942 2060 1967 Vl
2074 1942 2127 1968 507

1488 1988 1519 2013 -l9
1530 2001 1565 2007 ——
1579 1988 1677 2020 prolixa
1690 1994 1742 2013 non
1756 1991 1795 2013 est
1809 1987 1874 2012 mala
1889 1987 1941 2012 519
1955 1986 1988 2011 56
1998 2000 2033 2004 -
2043 1986 2128 2011 Monet

1485 2040 1534 2058 nos
1553 2033 1621 2058 Deus
1640 2032 1674 2058 ad
1693 2031 1817 2058 orationis
1836 2031 1983 2057 instantiam
1998 2029 2125 2062 petendo,

1486 2077 1640 2110 quaerendo
1660 2079 1685 2102 et
1703 2076 1833 2109 pulsando
1853 2075 1905 2101 284
1925 2075 1959 2100 25
1977 2089 2013 2093 -
2033 2076 2058 2100 111
2072 2081 2130 2100 ora·

1487 2123 1556 2148 tione
1575 2121 1719 2154 petendum
1739 2124 1778 2146 est
1796 2127 1844 2153 per
1863 2123 1950 2146 actum
1969 2120 2036 2151 oris,
2049 2126 2127 2152 quae·

1487 2167 1598 2192 rendum
1619 2173 1666 2198 per
1684 2169 1771 2192 actum
1797 2165 1899 2195 cordis,
1917 2168 1943 2190 et
1967 2164 2126 2196 pulsandum

1487 2219 1534 2244 per
1553 2215 1640 2237 actum
1660 2211 1748 2243 operis
1767 2210 1818 2236 285
1838 2210 1871 2235 26

1539 2270 1575 2275 -
1593 2255 1728 2281 Orandum
1748 2258 1787 2280 est
1806 2256 1954 2287 frequenter
1972 2257 1997 2279 et
2023 2253 2129 2278 fiducia-

1486 2300 1543 2326 liter
1564 2300 1605 2326 Vll
1626 2300 1677 2325 282
1698 2300 1729 2325 48
1750 2313 1785 2318 -
1800 2298 1959 2331 Negligentia
1974 2301 1999 2322 et
2011 2297 2130 2323 difliden—

1487 2345 1520 2370 tia
1541 2346 1653 2370 fructum
1673 2344 1798 2369 orationis
1811 2346 1941 2369 evacuant
1953 2341 2014 2368 ibid.
2028 2356 2063 2360 ——
2076 2344 2127 2366 stu-

1486 2389 1560 2414 diosa
1585 2391 1624 2414 est
1648 2388 1702 2414 Deo
1728 2388 1821 2420 placita
1849 2387 1899 2413 448
1924 2388 1933 2412 4
1957 2401 1991 2405 -—
2011 2386 2127 2412 studiosa

1487 2432 1566 2458 habet
1585 2433 1609 2458 in
1629 2440 1657 2459 se
1676 2434 1805 2458 fervorem
1826 2432 1968 2458 affectionis
1985 2434 2010 2457 et
2028 2430 2131 2456 humili—

1486 2479 1564 2502 tatem
1585 2476 1756 2508 reputationis
1775 2475 1838 2502 ibid.

1538 2534 1574 2539 —
1593 2524 1620 2546 ut
1639 2521 1671 2546 sit
1690 2521 1744 2546 Deo
1763 2520 1871 2553 placita,
1892 2527 1942 2546 non
1966 2519 2045 2546 debet
2070 2527 2127 2546 esse

1486 2564 1591 2596 publica
1611 2565 1639 2590 in
1658 2565 1729 2595 foro,
1748 2565 1794 2590 sed
1814 2565 1915 2590 occulta
1929 2565 1953 2590 in
1967 2564 2071 2590 deserto
2085 2564 2128 2590 Vll

1488 2609 1538 2634 122
1559 2608 1592 2634 35
1612 2622 1647 2627 -
1664 2608 1744 2634 debet
1762 2615 1819 2634 esse
1844 2612 1943 2634 secreta
1969 2608 2021 2634 555
2041 2609 2069 2633 51
2093 2623 2128 2627 -

1486 2652 1581 2678 devota
1601 2651 1680 2678 debet
1700 2653 1790 2683 fugere
1810 2651 1945 2684 publicum
1965 2651 2026 2678 ibid.
2046 2666 2081 2671 —
2099 2652 2129 2678 Ο-

1486 2695 1605 2722 rantibus
1623 2695 1798 2729 requirendus
1810 2699 1850 2722 est
1862 2696 1934 2721 locus
1946 2700 2063 2722 secretus
2076 2696 2127 2721 277

1487 2742 1502 2766 2
1522 2754 1557 2759 -
1576 2741 1642 2766 Loca
1662 2743 1721 2772 apta
1742 2739 1775 2766 ad
1795 2740 1940 2765 orationem
1959 2743 2020 2765 sunt
2044 2740 2128 2765 solita-

1487 2785 1524 2810 ria
1544 2789 1569 2810 et
1587 2788 1687 2810 secreta
1705 2783 1767 2811 ibid.

1540 2842 1575 2847 —
1594 2828 1761 2855 Condltiones
1780 2829 1904 2854 orationis
1929 2833 1990 2854 sunt
2008 2829 2128 2854 essentia-

1487 2874 1539 2904 les,
1560 2876 1588 2898 ut
1606 2876 1676 2898 recta
1695 2873 1801 2898 intentio
1821 2877 1845 2898 et
1865 2873 1931 2898 iusta
1955 2872 2059 2904 petitio:
2085 2874 2125 2898 vel

1487 2917 1673 2948 accidentales,
1698 2920 1726 2942 ut
1751 2920 1856 2948 tempus
1884 2920 1909 2942 et
1940 2917 2026 2947 locus,
2057 2924 2125 2948 quac

1487 2968 1540 2986 non
1553 2964 1614 2986 sunt
1627 2961 1660 2986 de
1673 2962 1797 2993 essentia,
1811 2968 1862 2986 non
1877 2964 1962 2986 tamen
1977 2961 2125 2992 superfluae

1488 3006 1520 3031 Vl
1540 3005 1591 3031 296
1607 3005 1639 3030 43
1653 3018 1687 3024 -
1701 3006 1784 3031 Locus
1798 3005 1985 3030 determinatus
2005 3004 2072 3029 valet
2091 3004 2124 3029 ad

1487 3049 1642 3075 memoriam
1663 3048 1825 3079 habendam,
1845 3048 1878 3074 ad
1898 3048 2064 3074 devotionem
2086 3055 2125 3073 cx—

1485 3094 1632 3124 citandam,
1653 3094 1685 3119 ad
1707 3093 1830 3118 unitatem
1851 3092 2017 3122 servandam,
2037 3092 2069 3117 ad
2083 3099 2124 3117 so-

1485 3138 1603 3163 cietatem
1623 3137 1782 3169 Angelorum
1802 3136 1971 3162 obtinendam
1991 3135 2051 3161 ibid.

1537 3195 1572 3200 —
1591 3181 1688 3207 vocalis
1713 3184 1818 3212 accepta
1843 3184 1881 3205 est
1900 3180 1953 3205 Deo
1975 3180 2014 3204 vu
2035 3179 2085 3204 278
2109 3180 2122 3204 4

1484 3238 1518 3244 -
1538 3225 1634 3250 vocalis
1647 3225 1714 3255 valet
1727 3224 1760 3249 ad
1774 3224 1929 3249 memoriam
1943 3223 2120 3254 excitandam,

1484 3269 1518 3294 ad
1529 3268 1690 3295 desiderium
1703 3268 1908 3299 accendendum,
1921 3268 1953 3293 ad
1964 3267 2121 3300 obsequium

1485 3313 1691 3345 impendendum
1705 3312 1773 3338 etad
1786 3312 1934 3344 exemplum
1946 3312 2124 3337 demonstran-

1485 3357 1548 3383 dum
1568 3356 1630 3383 ibid.
