2476 3921
163 506 266 528 Tertium.

135 769 205 797 ugnus
218 768 265 790 Dei.

140 875 234 897 rachium
248 876 270 896 et

154 908 186 923 ma
190 908 237 923 nus,

136 2308 265 2330 Notandum.

121 2428 222 2459 Expulsi‘o
232 2428 272 2459 Hi·

128 2456 190 2482 plicis
204 2461 267 2482 apiri-

121 2484 155 2503 tus
170 2487 269 2509 nequam.

287 254 351 285 <292

287 342 474 381 computata.
499 337 572 369 Cani
597 336 679 369 enim
703 338 778 368 sunt
806 343 917 368 sensus
948 334 1083 367 hominis
1106 337 1138 367 et
1160 337 1246 367 aetas

287 391 472 429 senectutis,
496 390 560 422 vita
583 388 784 422 immaculata
800 401 830 419 ».

375 444 427 476 46.
452 443 561 484 (Vers.—
580 442 657 483 ΞΟ.)
681 441 787 474 Tertio
810 449 886 473 vero
910 440 1038 473 reducit
1059 440 1105 473 ad
1128 449 1246 472 verum

285 496 477 539 infallibite,
501 504 574 528 cum
598 494 760 536 adiungit:
795 494 919 533 Porro,
941 494 973 526 si
996 493 1032 526 in
1058 493 1162 536 digito
1188 492 1247 525 Dei

285 550 379 584 eiicio
403 549 590 582 daemonia.
616 549 738 587 Porro,
762 548 822 580 1100
846 551 893 580 est
916 550 1023 586 certe;
1055 547 1104 586 si,
1136 546 1165 579 id
1198 549 1246 579 est

285 603 377 645 quia;
401 603 437 634 in
459 601 563 644 diyito
590 601 666 640 Dei,
692 601 750 634 hoc
774 600 868 633 estin
887 600 1007 642 Spiritu
1023 597 1246 638 sancto31inde

286 655 431 688 Matthaei
455 655 641 688 duodecimo
655 656 665 673 ¹
689 654 824 687 dicitur:
853 666 868 682 α
886 653 916 685 Si
933 653 965 685 in
983 652 1102 695 Spiritu
1118 652 1174 685 Dei
1190 651 1246 684 eii-

285 709 333 742 cio
355 708 519 741 daemonia
534 721 566 740 ».
591 707 727 749 Spiritus
749 710 877 740 sanctus
897 714 1033 748 namque
1056 705 1172 738 dicitur
1195 705 1246 737 cti-

282 762 374 805 yitus
400 761 476 800 Dei,
501 760 583 794 sicut
606 760 722 793 dicitur
746 759 844 792 Exodi
868 762 996 793 octavo:
1019 772 1035 787 α
1051 759 1174 801 Digitus
1190 758 1244 792 Dei

284 819 331 848 est
355 815 406 848 hic
422 828 452 847 υ.
479 814 566 847 Ratio
589 817 694 847 autem
720 813 817 846 huius
840 817 905 852 est,
921 813 996 855 quia
1011 812 1106 845 Filius
1129 812 1245 844 dicitur

284 867 460 901 brachium
485 867 602 905 Patris,
633 866 806 899 secundum
832 865 909 898 illud
934 865 1028 898 isaiae
1050 864 1246 907 quinquage-

284 922 364 955 simo
381 921 473 954 tertio
486 921 516 952 2:
540 933 555 949 a
568 919 736 952 Brachium
755 919 875 951 Domini
893 919 944 951 cui
961 918 1133 951 revelatum
1150 921 1198 950 est
1209 921 1246 950 n?

284 975 406 1008 Dicitur
419 974 667 1012 etiammamts,
681 972 854 1006 secundum
868 972 945 1005 illud
959 972 1084 1005 Psalmi:
1106 984 1122 1000 α
1135 971 1246 1004 Emitte

284 1037 412 1060 manum
438 1031 524 1060 tuam
548 1027 587 1060 de
610 1027 720 1059 alto».
755 1026 789 1058 Et
820 1025 901 1058 ratio
931 1025 1028 1058 huius
1059 1028 1124 1064 est,
1152 1025 1245 1067 quia,

285 1082 366 1115 sicut
390 1080 445 1123 qui
469 1084 620 1122 operatur
644 1079 775 1113 brachio
798 1084 830 1112 et
855 1088 949 1111 manu
973 1079 1063 1117 facit,
1088 1078 1132 1111 sic
1155 1078 1246 1112 Pater

284 1135 388 1168 omnia
411 1133 484 1166 facit
508 1142 565 1175 per
588 1133 717 1171 Filium,
743 1132 825 1165 sicut
848 1132 970 1164 loannis
986 1131 1088 1173 primo
1111 1130 1245 1163 dicitur:

289 1201 304 1216 «
326 1187 438 1220 Omnia
472 1195 529 1229 per
563 1186 667 1228 ipsum
699 1186 780 1218 sacta
811 1189 885 1218 sunt
910 1198 939 1217 n.
972 1185 1108 1227 Spiritus
1139 1187 1245 1217 autem

285 1244 412 1273 sanctus
435 1239 576 1282 procedit
599 1248 618 1271 a
642 1239 732 1271 Patre
756 1242 787 1271 et
802 1239 995 1277 Filio,.sicut
1009 1238 1161 1280 digitusa
1176 1246 1246 1269 cor—

284 1303 361 1336 pore
383 1297 414 1326 et
437 1293 586 1331 brachio,
619 1296 649 1325 et
680 1296 728 1325 est
751 1292 794 1324 illi
818 1291 1032 1325 connaturalis
1056 1295 1087 1324 et
1111 1290 1246 1324 consub-

284 1347 454 1386 stantialis,
479 1350 510 1379 et
533 1346 603 1378 ideo
627 1346 740 1378 merito
762 1345 879 1378 dicitur
902 1345 1029 1387 diyz‘tus
1052 1345 1083 1377 in
1105 1344 1247 1386 Scriptu-

284 1401 329 1433 ris
341 1401 364 1432 3.
388 1400 461 1439 Vel,
486 1400 578 1442 quia,
603 1399 684 1432 sicut
708 1408 779 1431 una
803 1402 850 1431 est
868 1407 998 1437 uranus,
1014 1401 1046 1430 et
1062 1407 1119 1440 per
1134 1397 1247 1439 digitos
1289 1422 1292 1425 ⁴

284 1455 320 1487 fit
343 1453 529 1491 distinctio,
562 1452 606 1485 sic
639 1461 695 1494 per
727 1461 828 1485 unum
853 1451 1006 1494 Spiritum
1031 1451 1064 1484 fit
1089 1450 1247 1484 distinctio
1268 1482 1271 1483 ⁷

284 1508 458 1545 donorum,
475 1506 557 1539 sicut
579 1505 696 1538 dicitur
720 1505 840 1547 primae
863 1504 902 1537 ad
925 1504 1105 1537 Corinthios
1127 1504 1246 1537 duode-

285 1561 366 1602 cimo
378 1561 391 1579 ⁴²
406 1572 412 1592 :
442 1572 457 1588 «ι
475 1560 554 1592 Haec
578 1559 684 1591 omnia
699 1562 851 1601 operatur
867 1567 952 1591 unus
968 1561 1064 1600 atque
1080 1557 1161 1590 idem
1179 1557 1247 1599 Spi-

285 1614 384 1652 ritus,
412 1612 554 1645 dividens
569 1612 716 1654 singulis,
741 1615 837 1654 prout
860 1612 976 1644 vult».
1000 1630 1046 1635 —
1068 1610 1148 1652 Quia
1171 1619 1247 1652 ergo

285 1666 316 1698 in
342 1666 401 1698 hoc
425 1665 544 1707 Spiritu
568 1664 657 1697 elicio
680 1664 862 1703 daemonia,
883 1662 1032 1706 profecto
1046 1663 1196 1705 pervenit
1211 1663 1247 1695 in

286 1729 342 1751 vos
366 1728 506 1761 reynum
533 1718 611 1756 Dei,
642 1717 672 1749 id
701 1721 748 1750 est
771 1719 909 1759 potestas
932 1717 1036 1758 regia,
1061 1725 1142 1758 quae
1175 1725 1247 1758 pro-

287 1772 363 1814 tegit
386 1781 460 1811 nos,
489 1771 624 1814 expulso
646 1771 787 1810 diabolo,
816 1770 991 1803 secundum
1016 1770 1094 1803 illud
1126 1770 1248 1802 loannis

286 1825 471 1858 duodecimo
483 1825 513 1857 ⁵:
540 1838 555 1853 «ι
572 1825 660 1857 Nunc
684 1824 834 1857 iudicium
851 1826 899 1856 est
915 1823 1042 1863 mundi,
1059 1832 1144 1856 nunc
1160 1823 1245 1865 prin-

286 1888 359 1921 ceps
383 1879 479 1911 huius
504 1878 611 1911 mundi
636 1878 778 1911 ciicietur
793 1877 877 1910 foras
893 1890 924 1909 2).
943 1896 984 1900 —
1002 1877 1038 1909 Et
1054 1881 1145 1915 nota,
1162 1876 1246 1919 quod

285 1931 377 1964 dicit:
407 1931 556 1977 peruenit
583 1931 620 1963 in
642 1940 699 1963 1103
723 1940 863 1973 reginum
896 1930 974 1968 Dei,
1006 1929 1081 1972 quia
1112 1938 1247 1971 regnum

286 1985 340 2018 Dei
366 1985 396 2017 in
421 1994 478 2018 nos
499 1984 647 2027 pervenit
674 1993 730 2026 per
761 1983 931 2026 matiam,
963 1982 1137 2016 secundum
1169 1982 1247 2015 illud

286 2038 367 2071 infra
382 2038 503 2071 decimo
519 2038 652 2080 septimo
664 2038 695 2070 ⁶:
718 2051 734 2066 α
751 2038 891 2079 Regnum
909 2037 964 2070 Dei
981 2037 1064 2069 intra
1081 2045 1135 2069 vos
1151 2040 1198 2069 est
1215 2050 1246 2068 n.

286 2091 344 2124 Sed
361 2094 437 2124 tunc
451 2091 680 2133 perveniemus
703 2091 733 2123 in
759 2090 836 2123 illud
860 2099 916 2137 per
937 2090 1103 2132 „citor-iam,
1121 2089 1247 2132 quando

284 2144 408 2177 dicetur
432 2144 542 2177 nobis:
572 2157 587 2172 (ι
606 2144 733 2183 Venite,
757 2143 911 2176 benedicti
928 2143 1027 2176 Patris
1044 2143 1121 2182 mei,
1146 2143 1247 2185 perci-

285 2198 349 2240 pite
373 2207 506 2240 regnum
524 2211 539 2227 »
569 2200 627 2230 etc.

374 2251 427 2283 [17.
454 2250 489 2283 Et
510 2254 600 2289 nota,
630 2250 715 2292 quod
739 2250 798 2283 ista
821 2250 1045 2292 consequentia
1068 2253 1116 2282 est
1139 2259 1247 2283 neces-

285 2303 388 2342 saria3
413 2303 505 2345 quia,
530 2303 554 2336 si
579 2303 657 2335 nihil
681 2306 729 2336 est
753 2303 907 2342 medium,
924 2303 1002 2345 quin
1020 2303 1114 2335 homo
1131 2303 1171 2336 sit
1187 2303 1247 2336 sub

286 2360 438 2402 potestate
461 2357 534 2396 Dei,
559 2357 608 2389 vel
631 2356 764 2389 diaboli:
780 2365 856 2398 ergo
873 2356 897 2388 si
915 2356 1086 2398 expellitur
1111 2360 1247 2398 potestas

285 2410 397 2443 diaboli
422 2411 462 2443 ab
486 2410 624 2449 homine,
648 2409 803 2452 sequitur,
820 2409 904 2451 quod
921 2409 1142 2442 introducatur
1158 2413 1246 2451 pote-

285 2468 348 2497 stas
371 2464 485 2496 divina.
511 2482 554 2487 --
577 2463 707 2504 Triplex
731 2466 835 2495 autem
868 2462 1000 2504 spiritus
1030 2471 1183 2504 nequam,
1208 2462 1246 2495 de

360 2655 369 2670 ¹
390 2657 465 2682 Vers.
485 2656 529 2681 27.
545 2669 582 2674 —
600 2655 723 2688 Sequitur
742 2654 822 2681 Exod.
843 2655 873 2686 8,
894 2655 936 2681 19.
955 2654 1008 2681 Csr.
1028 2656 1045 2681 1.
1064 2656 1135 2682 5001..
1149 2656 1183 2681 lit.
1198 2656 1247 2681 Mu-

288 2701 371 2733 gistri‚
385 2701 409 2726 d.
424 2701 461 2726 111.
481 2701 549 2726 0.,1.
568 2700 594 2725 in
613 2700 665 2725 tlne
683 2703 709 2726 et
728 2699 793 2725 ibid.
811 2699 959 2725 Comment.
978 2707 1006 2732 p.
1024 2700 1041 2725 1.
1061 2707 1087 2733 q.
1108 2700 1133 2726 4.
1153 2707 1210 2732 arg.
1223 2701 1250 2726 2.

289 2746 323 2771 ad
342 2745 456 2777 opposit.

358 2788 369 2803 ²
389 2790 464 2816 Vers.
485 2790 509 2815 1.
526 2803 562 2809 -
580 2789 637 2815 Duo
649 2796 724 2823 seqq.
738 2789 788 2815 loci
800 2792 860 2815 sunt
873 2790 913 2815 Ps.
928 2789 994 2820 ⁴43,
1013 2789 1039 2815 7.
1059 2792 1084 2815 et
1102 2790 1170 2816 loan.
1186 2790 1210 2822 1,
1224 2791 1248 2815 3.

357 2833 368 2848 ‘¹
388 2835 456 2860 llaec
474 2834 609 2866 explicatio
628 2834 775 2860 insinuatur
793 2833 827 2859 ub
853 2834 972 2866 11ieron.‚
998 2833 1024 2859 11.
1050 2833 1196 2860 Comment.
1222 2834 1249 2860 in

288 2879 376 2905 Matth.
397 2880 444 2910 12,
464 2879 513 2909 28,
532 2886 611 2911 quem
631 2879 750 2911 sequitur
769 2878 854 2910 Beda,
873 2879 916 2904 tV.
938 2878 961 2903 in
981 2879 1043 2904 Luc.
1068 2879 1109 2909 11,
1134 2879 1182 2910 20;
1202 2879 1250 2904 ctr.

288 2924 366 2949 etiam
386 2922 521 2953 Ambros,
541 2923 592 2948 Vll.
612 2922 637 2947 in
657 2923 719 2948 Luc.
737 2929 763 2948 n.
782 2922 826 2948 92.

359 2967 370 2981 ⁴
389 2967 464 2992 Vers.
486 2968 528 2992 11.
545 2980 581 2985 -
600 2966 667 2992 Vide
686 2966 799 2999 nodam,
819 2967 869 2992 loc.
890 2967 934 2993 cit.

359 3009 371 3025 ⁶
390 3011 465 3037 Vers.
485 3010 527 3035 31.
546 3024 581 3029 -
599 3009 652 3036 cfr.
671 3010 807 3041 Ambros.,
826 3011 878 3036 Vll.
898 3011 925 3036 in
944 3012 1006 3037 Luc.
1026 3017 1051 3036 n.
1073 3010 1120 3043 94;
1134 3011 1249 3043 11leron.,

289 3056 318 3082 ll.
335 3055 481 3082 Comment.
502 3055 527 3080 10
546 3055 634 3080 Matth.
654 3055 700 3086 12,
712 3056 762 3080 ·28.
783 3054 839 3088 (ubi
859 3055 986 3087 triplicem
1000 3055 1189 3087 expositionem
1208 3062 1251 3081 re·

289 3099 337 3133 qni
357 3099 403 3125 Dei
420 3098 549 3131 exhibet),
574 3102 600 3124 et
624 3099 749 3131 August,
768 3099 785 3125 1.
806 3099 855 3133 Qq.
875 3099 1041 3131 Evangelior.
1062 3106 1090 3132 q.
1113 3099 1145 3130 5,
1168 3106 1248 3132 quem

289 3144 408 3176 sequitur
427 3143 511 3175 Beda,
537 3142 578 3168 lV.
604 3142 628 3167 in
654 3143 717 3168 Luc.
737 3143 779 3174 11,
798 3144 840 3169 20.
860 3157 896 3162 —
914 3143 964 3169 Pro
983 3149 1052 3177 quae
1066 3142 1186 3177 protegit
1203 3143 1249 3175 (ita

289 3187 351 3220 AC)
373 3188 431 3222 yut.
445 3194 507 3213 cum
520 3186 577 3212 aliis
588 3186 667 3212 codd.
680 3194 750 3220 quae
767 3187 851 3221 repit,
871 3191 896 3213 et
915 3194 964 3219 pro
976 3194 1026 3214 nos
1046 3187 1091 3220 (ita
1110 3187 1174 3218 AC,
1194 3187 1216 3212 D
1234 3194 1248 3212 a

290 3232 375 3265 prima
394 3231 486 3264 manu)
506 3231 580 3262 Vat.‚
600 3231 620 3256 D
639 3237 654 3256 a
673 3231 788 3257 secunda
802 3239 881 3257 manu
895 3235 920 3257 et
938 3232 959 3256 G
977 3238 1024 3258 vos
1034 3241 1045 3265 ;
1065 3232 1086 3257 H
1105 3232 1168 3264 legit
1180 3238 1250 3265 quae

288 3277 378 3310 reget,
397 3282 444 3302 vos
464 3274 583 3302 liberans
601 3282 619 3301 a
637 3274 742 3302 diabolo
761 3278 811 3302 etc.

360 3318 372 3334 ⁶
391 3320 466 3346 Vers.
485 3320 528 3346 21.
547 3333 584 3339 -
602 3319 725 3353 Sequitur
752 3320 839 3346 Matth.
869 3320 917 3353 25,
940 3319 982 3346 at.
1001 3334 1037 3340 —
1055 3320 1183 3353 Superius
1201 3327 1250 3353 pro

290 3364 319 3391 in
337 3371 387 3391 nos
402 3363 525 3398 pervenit
543 3364 632 3397 plures
651 3363 728 3390 codd.
748 3363 777 3390 in
794 3370 842 3390 vos
857 3364 987 3397 pervenit.

361 3406 371 3423 '¹
391 3409 467 3434 Num.
487 3408 531 3434 39.

888 246 1081 279 COMMENT.
1108 246 1144 278 IN
1168 244 1407 278 EVANGELlUM
1431 245 1549 278 LUCAE
1573 245 1605 278 C.
1631 246 1677 278 xt.

1309 342 1374 375 quo
1404 333 1548 366 habitum
1572 337 1620 366 est
1643 334 1784 376 supra⁷,
1816 334 1988 376 expellitur
2019 334 2133 376 spiritu
2162 333 2269 366 divino
2282 340 2445 371 'mulsum-i

1308 386 1381 418 dato
1404 385 1442 418 ad
1467 386 1545 425 tria,
1569 386 1687 420 scilicet
1710 387 1824 429 spiritu
1844 387 2049 426 sanctitatis,
2072 387 2112 420 de
2135 396 2199 429 quo
2214 387 2270 419 Sa—

1309 439 1444 481 pientiae
1467 439 1614 481 0110103,-
1644 452 1660 468 a
1676 439 1812 481 Spiritus
1835 443 1963 476 sanctus
1985 439 2167 482 disciplinae
2190 439 2269 472 effu-

1309 492 1372 534 giet
1395 492 1503 527 fictum
1519 505 1551 532 »;
1583 493 1698 535 spiritu
1718 493 1950 535 paupertatis,
1973 493 2012 526 de
2035 502 2100 535 quo
2123 493 2269 526 Matthaei

1309 544 1442 585 quinto:
1472 557 1487 574 «
1504 545 1587 578 Beati
1611 554 1767 587 pauperes
1790 545 1904 587 spiritu
1920 558 1952 584 »;
1976 549 2008 579 et
2030 543 2271 587 3011110110νηί-

1309 597 1433 636 titatis‚
1457 598 1495 631 de
1519 607 1583 640 quo
1608 598 1702 631 Isaiae
1724 598 1857 632 ultimo:
1887 611 1903 627 α
1919 598 1962 631 Ad
1985 607 2081 641 quem
2105 598 2269 640 respiciam

1309 650 1368 683 nisi
1384 651 1423 683 ad
1440 651 1670 693 pauperculum
1694 655 1725 684 et
1748 651 1918 684 contritum
1941 651 2056 694 spiritu
2072 654 2108 684 a?
2123 669 2168 675 —
2183 651 2270 684 Hunc

1310 704 1465 745 triplicem
1501 704 1648 746 spiritum
1684 704 1810 746 petebat
1843 705 1999 747 Propheta
2032 704 2064 737 in
2101 704 2268 737 Psalmo⁹z

1314 770 1330 786 α
1347 757 1407 790 Cor
1431 757 1584 791 mundum
1617 767 1690 791 crea
1713 758 1744 790 in
1769 767 1838 797 me,
1861 758 1964 797 Deus,
1988 761 2020 791 et
2043 757 2191 799 spiritum
2218 767 2270 790 re-

1308 815 1399 843 ctum
1435 811 1549 843 innova
1583 815 1641 844 etc.
1675 811 1711 844 Et
1741 811 1892 853 Spiritum
1923 812 2078 844 sanctum
2109 815 2199 843 tuum
2231 819 2270 844 ne

1309 864 1435 897 auferas
1458 874 1477 897 a
1500 874 1560 897 me.
1587 865 1622 897 Et
1645 865 1759 907 spiritu
1779 864 1967 907 principali
1989 864 2141 897 confirma
2172 873 2222 897 me
2238 876 2269 901 »ς
2301 856 2304 859 ’

1302 920 1346 949 ut
1370 920 1518 959 tangatur
1542 917 1592 950 hic
1616 917 1734 959 triplex
1758 917 1910 959 spiritus:
1934 921 2063 956 rectus,
2080 917 2111 949 id
2127 920 2174 950 est
2192 926 2270 959 pau-

1309 970 1461 1012 pertatis3
1493 974 1647 1010 sanctus,
1679 970 1709 1003 id
1734 974 1781 1003 est
1804 970 1973 1012 puritatis;
1997 974 2029 1003 et
2048 969 2270 1013 principalis,

1310 1023 1341 1055 id
1364 1027 1412 1056 est
1435 1024 1565 1056 humilis
1578 1024 1622 1063 ¹⁰;
1647 1032 1742 1066 quem
1767 1023 1914 1066 spiritum
1930 1023 1984 1066 qui
2002 1023 2097 1056 habet
2113 1023 2207 1056 habet
2222 1023 2271 1056 iu-

1310 1076 1426 1109 stitiam
1450 1076 1488 1109 ad
1512 1087 1546 1109 sc
1569 1080 1600 1109 et
1620 1077 1818 1119 proximum
1841 1079 1873 1109 et
1904 1076 2028 1115 Deum,
2060 1076 2127 1109 sive
2157 1076 2270 1115 intra,

1309 1134 1425 1168 extra,
1439 1139 1548 1172 supra
1565 1130 1674 1169 habet,
1690 1139 1726 1162 ac
1744 1139 1800 1172 per
1817 1130 1877 1163 hoc
1894 1129 1988 1163 habet
2005 1138 2112 1172 pacem
2136 1133 2168 1163 et
2194 1139 2271 1172 gau-

1309 1182 1416 1222 dium,
1444 1186 1476 1216 et
1498 1183 1542 1215 ita
1564 1183 1649 1216 intra
1672 1192 1705 1216 se
1729 1192 1862 1225 regnum
1886 1183 1952 1216 Dei.
1976 1183 2072 1222 Nam,
2096 1183 2270 1216 secundum

1310 1236 1389 1269 illud
1401 1236 1439 1269 ad
1453 1237 1607 1269 Romanos
1622 1237 1744 1270 decimo
1760 1240 1875 1279 quarto
1889 1237 1931 1275 ¹¹,
1954 1249 1970 1264 ιε
1987 1245 2119 1278 regnum
2136 1236 2191 1279 Dei
2208 1245 2271 1269 non

1310 1292 1358 1322 est
1381 1298 1452 1322 esca
1474 1294 1506 1322 et
1529 1294 1640 1331 potus,
1665 1289 1719 1322 sed
1743 1289 1862 1322 iustitia
1885 1292 1916 1322 et
1941 1298 2002 1331 pax
2026 1293 2058 1322 et
2073 1288 2224 1331 gaudium
2239 1289 2271 1321 in

1311 1342 1431 1385 Spiritu
1454 1347 1562 1376 sancto
1577 1356 1609 1375 n.

1400 1396 1453 1428 [18.
1479 1396 1581 1437 (Vers.
1606 1396 1684 1436 at).
1720 1396 1803 1429 Cum
1826 1395 1927 1439 fortis
1950 1400 2107 1428 armatus
2130 1395 2273 1428 custodit
2283 1396 2435 1460 fgfflfssbfflss
2474 1374 2476 1429 1

1311 1449 1439 1482 atrium
1462 1455 1574 1482 suum.
1607 1450 1774 1492 Postquam
1799 1449 1988 1492 improbavit
2012 1449 2196 1488 falsitatem,
2220 1448 2336 1482 hictria.
2386 1481 2388 1483 ,

1310 1503 1448 1536 secundo
1464 1503 1630 1546 approbat
1644 1504 1815 1536 veritatem
1829 1503 1855 1523 ¹²
1864 1515 1876 1542 ‚·
1893 1504 1923 1536 in
1941 1503 2033 1536 cuius
2048 1502 2272 1545 approbatione

1311 1557 1451 1599 procedit
1467 1557 1527 1590 hoc
1543 1557 1671 1590 ordine:
1688 1557 1791 1599 primo
1807 1557 1979 1599 praemittit
1995 1556 2158 1589 veritatem
2174 1565 2273 1598 prae—

1310 1610 1502 1649 ambulam,
1527 1611 1665 1644 secundo
1687 1611 1793 1643 subdit
1817 1611 1982 1643 veritatem
2006 1610 2185 1649 intentam,
2210 1613 2274 1642 ter-

1311 1664 1354 1696 tio
1378 1664 1535 1697 subnectit
1559 1664 1722 1697 veritatem
1747 1673 1925 1696 annexam.

1402 1717 1505 1750 Primo
1521 1716 1618 1759 igitur
1628 1743 1636 1756 ,
1652 1717 1866 1759 praemittens
1881 1717 2052 1749 veritatem
2068 1716 2272 1759 praeambu-

1312 1769 1399 1808 lam,
1423 1768 1520 1802 dicit:
1554 1770 1636 1802 Cam
1660 1768 1761 1812 fortis
1791 1774 1949 1802 armatus
1978 1769 2120 1802 custodit
2143 1769 2273 1802 atrium

1310 1833 1432 1862 suum,
1457 1823 1493 1856 in
1512 1833 1597 1866 pace
1618 1827 1698 1856 sunt
1720 1823 1834 1856 omnia
1848 1823 1893 1862 ¹³,
1918 1832 2004 1866 quae
2025 1822 2178 1864 possidet.
2210 1822 2273 1855 Hoc

1311 1886 1368 1920 per
1392 1886 1425 1910 se
1449 1877 1649 1910 manifestum
1673 1881 1729 1910 est.
1761 1876 1873 1918 Quieta
1896 1876 1978 1909 enim
2003 1875 2157 1918 possessio
2187 1875 2274 1909 venit

1311 1940 1353 1964 ex
1377 1925 1562 1963 fortitudine
1586 1930 1790 1972 possidentis,
1806 1939 1887 1972 quae
1904 1929 1966 1963 non
1985 1929 2153 1971 permittit,
2170 1929 2275 1971 impu-

1311 1983 1400 2025 gnari
1425 1992 1444 2015 a
1467 1983 1573 2016 minus
1604 1987 1740 2025 potente.
1770 1984 1882 2016 Fortis
1905 1983 1988 2016 enim
2013 1986 2061 2016 est
2084 1983 2143 2016 iste
2165 1982 2273 2015 diabo—

1312 2037 1378 2076 lus,
1395 2036 1434 2069 de
1450 2046 1514 2079 quo
1529 2036 1645 2069 (licitur
1662 2036 1714 2069 lob
1730 2036 1970 2079 quadragesimo
1990 2036 2095 2079 primo
2108 2037 2151 2069 ¹⁴:
2174 2046 2189 2065 a
2206 2036 2273 2069 Non

1311 2093 1358 2123 est
1382 2094 1520 2132 potestas
1544 2098 1640 2131 super
1665 2093 1802 2129 terram,
1826 2098 1908 2132 quae
1924 2089 2022 2131 possit
2037 2089 2064 2122 ei
2082 2089 2272 2131 comparari,

1311 2143 1366 2186 qui
1391 2143 1493 2176 sactus
1516 2147 1580 2182 est,
1605 2147 1641 2176 ut
1664 2143 1788 2175 nullum
1813 2143 1938 2176 timeret
1954 2155 1985 2181 »;
2002 2147 2034 2175 et
2050 2142 2192 2175 Haliacuc
2208 2142 2273 2184 pri-

1312 2206 1385 2229 mo:
1416 2210 1431 2225 «
1450 2197 1597 2236 Domine,
1628 2196 1659 2228 111
1692 2196 1842 2228 1011101010
1875 2195 2007 2237 posuisti
2031 2204 2124 2235 eum,
2147 2198 2179 2228 et
2209 2194 2274 2228 101·-

1311 2253 1389 2289 tem,
1414 2253 1450 2282 ut
1473 2249 1668 2291 corriperes,
1692 2248 1830 2281 fundasti
1852 2257 1926 2281 eum
1943 2262 1974 2281 ».
2004 2248 2063 2281 Iste
2086 2252 2134 2281 est
2157 2257 2274 2280 arma-

1312 2308 1385 2342 tus,
1410 2303 1586 2348 secundum
1610 2303 1695 2345 quod
1719 2303 1836 2336 dicitur
1858 2302 1910 2335 lob
1937 2302 2178 2345 quadragesimo
2209 2301 2274 2343 pri-

1311 2365 1363 2389 mo
1377 2357 1421 2389 1⁵:
1445 2369 1460 2385 α
1472 2356 1595 2398 Corpus
1610 2356 1679 2389 eius
1695 2360 1731 2389 ut
1747 2360 1837 2389 scuta
1851 2356 1957 2389 fusilia
1972 2369 2002 2388 n.
2017 2355 2053 2388 Et
2065 2355 2139 2398 quia
2155 2358 2273 2388 tantam

1312 2409 1406 2442 habet
1429 2410 1601 2452 potentiam
1625 2413 1656 2442 et
1679 2414 1893 2449 armaturam,
1917 2409 1987 2442 ideo
2009 2418 2072 2442 non
2096 2412 2198 2451 potest
2214 2408 2272 2441 sibi

1311 2462 1351 2495 ab
1386 2463 1512 2495 homine
1544 2462 1670 2496 infirmo
1701 2463 1768 2496 [ieri
1802 2463 1966 2502 violentia;
1999 2463 2094 2495 immo
2125 2462 2162 2495 in
2189 2471 2274 2505 pace

1384 2654 1395 2669 ¹³
1414 2656 1489 2681 Vers.
1509 2656 1533 2682 5.
1547 2669 1583 2675 -
1594 2656 1652 2681 Duo
1665 2662 1739 2688 seqq.
1753 2655 1802 2680 1001
1815 2657 1877 2680 sunt
1889 2655 1976 2680 Matth.
1990 2654 2022 2685 5,
2037 2655 2061 2680 3.
2075 2657 2100 2680 et
2113 2654 2170 2680 lsai.
2187 2654 2235 2687 66,
2248 2654 2273 2679 2.

1384 2697 1395 2713 ⁹
1415 2700 1508 2725 Psalm.
1528 2700 1576 2731 50,
1598 2699 1640 2725 12.
1659 2702 1684 2724 et
1704 2699 1747 2724 13.
1764 2698 1929 2724 Retinuimus
1956 2697 2078 2723 claritatis
2105 2704 2183 2723 causa
2212 2704 2273 2723 cum

1313 2744 1373 2770 Vat.
1391 2745 1439 2769 hos
1452 2744 1520 2769 duos
1532 2750 1626 2769 versus
1636 2753 1643 2775 3
1663 2743 1742 2769 codd.
1761 2743 1867 2775 legunt:
1887 2741 1939 2769 Cor
1957 2741 2092 2769 mundum
2104 2748 2168 2769 crea
2180 2740 2208 2768 in
2221 2748 2271 2773 me,

1313 2787 1385 2815 Deus
1403 2791 1454 2814 etc.

1385 2831 1407 2847 ¹⁰
1427 2834 1486 2860 Vat.
1505 2832 1679 2865 humilitatis,
1699 2839 1768 2865 quae
1781 2832 1858 2858 etiam
1872 2832 1982 2857 inseritis
2001 2835 2061 2864 post
2072 2830 2127 2858 sice
2138 2831 2277 2864 prosequi-

1313 2881 1355 2904 tur
1373 2877 1455 2904 etiam
1474 2877 1548 2904 intra
1566 2884 1609 2910 se,
1630 2878 1712 2903 extra
1730 2883 1759 2903 se
1771 2878 1796 2903 et
1808 2876 1884 2911 inst-a
1895 2883 1937 2909 se,
1950 2883 1983 2903 ac
1992 2883 2043 2911 per
2056 2875 2106 2903 lioc
2123 2879 2172 2902 ete.
2191 2876 2274 2902 Etiam

1313 2922 1391 2949 codd.
1411 2921 1507 2948 habent
1529 2921 1617 2955 infra.
1643 2928 1691 2954 pro
1710 2928 1764 2954 quo
1784 2920 1967 2947 substituimus
1995 2921 2142 2947 secundum
2167 2924 2273 2947 contex-

1313 2971 1369 2994 tum
1388 2973 1484 3001 supra.

1384 3011 1406 3027 ¹¹
1426 3012 1503 3038 Vers.
1524 3011 1567 3037 17.

1385 3054 1407 3070 ¹⁹
1426 3056 1478 3082 Ctr.
1496 3062 1577 3088 supra
1596 3062 1623 3081 0.
1643 3055 1686 3081 43.

1385 3098 1408 3115 ¹⁸
1426 3101 1461 3126 lta
1480 3100 1560 3126 etiam
1578 3100 1730 3132 Gorranus;
1750 3100 1777 3125 Β.
1796 3098 1894 3125 Albert.
1907 3097 2000 3125 omnia
2012 3105 2059 3131 ea,
2082 3098 2193 3131 Vulgata
2213 3101 2240 3125 et
2252 3098 2274 3124 11

1312 3150 1354 3170 ea.
1372 3144 1525 3170 immediate
1544 3146 1604 3176 post
1622 3146 1641 3169 Α
1654 3144 1675 3169 D
1693 3144 1817 3169 omittunt
1829 3143 1886 3170 Hoc
1900 3149 1951 3176 per
1969 3149 1998 3169 se
2016 3141 2190 3176 manifestum
2204 3141 2275 3176 [νει.

1312 3189 1421 3220 notum,
1441 3189 1463 3214 ll
1481 3189 1577 3214 notum
1589 3189 1615 3214 et
1627 3186 1731 3221 verum]
1752 3189 1799 3220 est,
1815 3191 1842 3213 01.
1853 3186 1967 3213 subinde
1980 3193 2028 3219 pro
2037 3185 2170 3220 permittit
2181 3186 2201 3211 Β
2211 3192 2275 3220 per-

1313 3231 1438 3264 mittitur,
1457 3232 1479 3257 Η
1499 3231 1582 3257 verbo
1600 3231 1761 3266 impugnari
1778 3231 1900 3264 praefigit
1911 3238 1957 3264 ειη
1970 3231 2079 3257 demum
2099 3230 2152 3256 tldo
2170 3230 2190 3256 Β
2208 3233 2234 3256 et.
2251 3231 2274 3256 Η

1314 3276 1452 3308 posuimus
1470 3283 1488 3302 α
1506 3275 1599 3302 minus
1615 3277 1721 3310 potente
1741 3276 1922 3309 (confirmatur
1940 3283 1972 3301 ex
1985 3276 2046 3301 salsa
2067 3275 2177 3301 lectione
2194 3274 2214 3302 C
2225 3275 2274 3301 DF

1312 3319 1422 3347 animus
1437 3319 1566 3353 potentis)
1583 3326 1634 3352 pro
1653 3319 1756 3346 atrium
1774 3326 1857 3346 suum
1876 3319 1967 3353 (Vnt).

1385 3362 1408 3379 ¹⁴
1427 3364 1502 3391 Vers.
1522 3363 1570 3397 24,
1589 3367 1649 3396 post
1666 3371 1747 3398 quem
1766 3363 1864 3390 naboe.
1885 3365 1908 3396 1,
1927 3364 1971 3390 12.

1386 3407 1409 3423 ¹⁵
1430 3408 1503 3435 vers.
1522 3409 1556 3440 ὃς
1574 3409 1622 3435 etr.
1634 3415 1714 3441 supra
1727 3415 1755 3435 n.
1771 3408 1812 3434 44.
1826 3421 1863 3428 —
1875 3408 1982 3434 interius
1994 3415 2044 3441 pro
2060 3407 2123 3443 fieri
2134 3408 2153 3434 B
2166 3407 2273 3443 inferri.

2292 1728 2395 1751 Primum.

2258 376 2262 379 >
2282 371 2337 389 ritus
2350 368 2426 390 bonus.
2444 370 2445 379 ¹

2444 447 2446 467 1
