2476 3921
21 588 38 618 ’πο
48 593 148 618 secundo.

20 717 21 776 l

19 847 21 914 1

16 1261 153 1315 ipraedieatffi

15 1318 48 1367 lm
57 1313 105 1361 ⁹22³?
114 1311 154 1333 Dei

11 1871 47 1896 tDe
60 1872 153 1898 consola-

11 1898 77 1921 itione
90 1899 154 1920 rede-

11 1924 100 1949 tuntium
110 1925 153 1952 agi-

11 1953 54 2000 stur
63 1951 154 1979 duplici-

30 1983 59 2000 er.

9 2243 76 2275 Primo
87 2244 154 2273 repri-

10 2272 70 2292 mitur
79 2277 154 2293 vanum

9 2297 112 2324 gaudium,
127 2299 154 2321 de

9 2329 49 2351 quo
57 2327 152 2352 quatuor.

8 2525 9 2532 1
49 2510 149 2534 Primum.

769 231 964 264 COMMENT.
991 231 1027 263 iu
1053 211 1291 264 EVANGELIUM
1316 232 1434 265 Lucae
1458 234 1489 265 c.
1518 234 1552 266 x.

167 321 244 355 mihi
267 320 384 354 fecistis
407 333 438 352 ».
464 320 501 353 Et
523 323 691 363 propterea
718 319 841 353 dicebat
871 319 1036 361 Apostolus
1067 319 1132 362 pri-

166 382 236 407 mae
258 373 298 406 ad
328 372 621 407 Thessalonicenses
644 372 776 415 quinto:
810 385 826 401 α
850 372 1003 414 Spiritum
1035 372 1131 405 nolite

167 427 388 470 exstinguere,
413 426 595 469 prophetias
611 426 707 459 nolite
730 434 881 468 spernere
898 438 928 465 »,
953 426 984 458 id
1008 429 1056 459 est
1079 434 1133 458 ve-

167 489 219 514 ras
241 480 498 523 praedicationes.

256 535 309 567 27.
334 533 477 567 Secundo
500 532 696 566 authenticat
719 541 773 566 eos
796 535 926 575 propter
947 532 1131 565 auctorita-

166 592 233 621 tem·
262 586 390 620 summi
422 586 656 628 imperatoris,
691 595 764 619 cum
799 586 927 619 subdit:
960 586 1050 627 Qui¹
1081 595 1131 618 me

164 639 290 682 spernit
320 638 448 681 spernit
478 648 554 671 eum
585 639 645 682 qui
674 648 725 671 me
756 638 867 678 misit,
900 641 967 671 tum
1001 641 1131 680 propter

165 691 378 725 commissam
401 691 650 730 auderunt-cem,
676 694 744 724 turn
760 695 891 733 propter
915 691 1130 724 consubstan-

165 745 348 779 tialitatem.
365 745 451 778 Unde
467 745 589 778 loannis
604 744 733 787 quinto:
755 758 771 773 α
784 745 844 786 Qui
861 754 922 777 non
945 744 1131 778 honorificat

164 799 276 832 Filium
298 808 361 831 non
382 798 569 831 honorificat
590 798 727 838 Patrem,
748 798 803 840 qui
831 798 916 831 misit
940 798 1029 831 illum
1047 811 1076 830 ι».
1096 798 1132 830 Et

165 852 234 886 ideo
257 852 417 894 sequitur,
441 851 526 894 quod
550 851 574 884 si
604 851 676 894 quis
699 851 821 893 spernit
840 851 1018 893 Apostolos,
1043 860 1131 893 sper-

165 906 211 939 nit
230 905 405 945 Christum;
423 909 454 938 et
474 905 529 948 qui
550 905 710 938 Christum
733 906 854 947 spernit
877 905 998 948 spernit
1014 905 1130 938 Deum:

165 969 241 1002 ergo
260 959 315 1002 qui
335 959 456 1001 spernit
475 959 636 1001 Apostolos
656 959 777 1001 spernit
800 959 916 998 Deum;
941 963 972 992 et
993 959 1052 992 hoc
1069 968 1131 992 non

165 1012 219 1046 est‘
233 1022 366 1055 parvum
388 1015 561 1054 peccatum.
584 1012 715 1054 Propter
739 1012 823 1054 quod
848 1012 943 1045 Isaiae
972 1012 1132 1054 trigesimo

165 1067 302 1100 terti02:
341 1079 356 1095 «
377 1066 454 1099 Vae!
487 1066 542 1108 qui
574 1066 716 1108 spernis;
745 1075 849 1099 nonne
884 1070 915 1099 et
947 1066 1013 1108 ipse
1045 1075 1132 1108 sper-

165 1120 272 1163 neris?
295 1119 374 1153 Cum
390 1119 539 1162 fatigatus
562 1119 694 1152 desieris
710 1122 929 1158 contemnere,
954 1123 1133 1152 contemne-

165 1173 210 1207 ris
225 1186 257 1206 ».
279 1174 389 1216 Magna
412 1173 509 1215 igitur
533 1176 581 1206 est
603 1173 776 1206 auctoritas
800 1173 1075 1215 praedicatorum,
1100 1173 1130 1205 in

164 1236 302 1282 quprum
334 1226 513 1268 receptione
544 1226 629 1259 Deus
653 1226 806 1268 recipitur
828 1230 860 1260 et
891 1227 921 1259 in
950 1230 1133 1269 contemptu

165 1280 387 1314 contemnitur.
413 1280 473 1322 Ipsi
500 1280 582 1313 enim
608 1283 683 1313 sunt
706 1289 741 1313 os
769 1280 824 1313 Dei
853 1280 950 1313 verba
982 1281 1051 1313 eius
1077 1290 1133 1313 an-

165 1333 354 1372 nuntiando,
386 1333 468 1366 sicut
498 1332 614 1365 dicitur
646 1333 793 1366 Ieremiae
822 1333 942 1366 decimo
974 1333 1131 1375 quinto³:

172 1401 188 1416 «
212 1387 242 1420 Si
274 1386 471 1429 separaveris
495 1386 670 1428 pretiosum
701 1395 720 1418 a
746 1386 815 1425 vili,
844 1387 934 1428 quasi
967 1395 1002 1419 os
1027 1395 1133 1419 meum

167 1441 231 1474 eris
246 1453 277 1473 ».
305 1440 340 1473 Et
363 1440 433 1473 ideo
457 1443 608 1482 tanquam
632 1449 668 1473 os
691 1440 745 1473 Dei
774 1440 859 1482 pasci
882 1440 997 1473 debent
1021 1444 1052 1473 et
1076 1440 1134 1473 ho-

165 1493 290 1533 norari;
314 1496 346 1526 et
377 1493 435 1535 ipsi
458 1493 551 1526 etiam
584 1502 620 1526 os
648 1493 818 1536 praecipue
850 1494 1009 1527 custodire
1040 1497 1071 1526 et
1094 1493 1134 1526 ab

166 1547 318 1580 edacitate
341 1550 373 1580 et
396 1556 414 1579 a
438 1546 641 1589 loquacitate,
665 1550 702 1580 ut
727 1556 800 1580 vere
821 1547 919 1589 possit
942 1547 1002 1580 dici
1027 1547 1065 1580 de
1089 1547 1135 1580 eis

165 1600 244 1633 illud
267 1600 466 1643 Apocalypsis
489 1600 610 1633 decimo
626 1605 759 1643 quarto:
789 1614 805 1629 <r
823 1601 855 1633 lli
878 1601 973 1643 empti
995 1604 1070 1634 sunt
1092 1610 1134 1634 ex

166 1654 361 1694 hominihus,
379 1653 536 1696 primitiae
552 1654 617 1687 Deo
636 1657 668 1687 et
683 1655 786 1696 Agno,
809 1657 842 1687 et
860 1654 892 1686 in
913 1663 969 1687 ore
992 1655 1134 1697 ipsorum

165 1717 227 1741 non
244 1711 292 1741 est
311 1707 475 1741 inventum
495 1707 710 1747 mendacium;
731 1708 797 1741 sine
817 1708 941 1741 macula
957 1708 1040 1741 enim
1061 1711 1135 1741 sunt

165 1766 237 1795 ante
265 1762 416 1795 thronum
441 1761 543 1794 Dei».

256 1816 309 1849 28.
342 1815 478 1849 Reversi
504 1819 584 1847 sunt
615 1819 727 1848 autem
758 1819 817 1848 etc.
851 1815 922 1848 Post
953 1815 1134 1848 missionem

167 1868 445 1903 concomitantium
470 1872 501 1901 et
535 1868 787 1901 informationem
811 1868 955 1901 euntium
985 1868 1134 1901 subditur

167 1922 219 1956 hic
242 1922 336 1955 tertio
352 1921 531 1955 consolatio
548 1921 759 1954 redeuntium
771 1921 795 1953 ⁴.
812 1921 910 1954 Habet
933 1924 1039 1953 autem
1056 1921 1134 1953 haec

167 1984 242 2017 pars
264 1975 353 2008 duas.
378 1975 411 2007 ln
435 1983 572 2017 quarum
598 1973 700 2016 prima
724 1974 881 2016 reprimit
909 1974 1073 2007 Dominus
1098 1974 1134 2006 in

168 2028 343 2071 discipulis
365 2028 533 2071 yaudium
556 2037 705 2066 vanum‚·
728 2027 761 2060 in
784 2028 923 2061 secunda
945 2028 1066 2061 invitat
1081 2037 1134 2060 eos

167 2081 214 2115 ad
234 2081 402 2125 yauctium
433 2091 569 2121 verum,
594 2081 682 2114 ibi⁵:
712 2081 858 2114 Gaudete
889 2085 1019 2121 autem,
1052 2081 1134 2125 quia

167 2136 306 2169 nomina
329 2139 441 2168 vestra
464 2139 522 2169 etc.

256 2188 350 2222 Circa
375 2189 616 2231 repressionem
645 2189 769 2233 yauclii
795 2188 879 2222 vani
909 2189 940 2221 in
972 2188 1134 2231 discipulis

168 2245 306 2284 quatuor
330 2241 511 2275 introducit.
541 2242 683 2275 Primum
713 2245 761 2276 est
784 2251 883 2275 vanae
913 2242 1134 2275 exsultationis

167 2295 334 2339 expressio
342 2307 354 2334 ;
379 2295 553 2329 secundum
569 2299 617 2329 est
640 2305 739 2329 vanae
755 2296 977 2329 exsultationis
1006 2305 1134 2338 repres-

166 2349 216 2382 sio
224 2361 237 2388 ;
261 2350 391 2383 tertium
414 2353 462 2382 est
490 2359 589 2383 vanae
611 2349 833 2383 exsultationis
865 2349 1014 2387 oeeasio;
1038 2358 1134 2391 quar-

168 2405 236 2435 tum
261 2406 308 2435 est
331 2412 430 2436 vanae
453 2403 674 2436 exsultationis
693 2402 884 2446 prohibitio.

258 2456 310 2488 29.
337 2456 438 2497 (Vers.
467 2456 541 2498 17.).
567 2456 671 2488 Primo
703 2456 800 2498 igitur
829 2456 1003 2498 praemittit
1026 2465 1134 2489 vanae

168 2509 399 2542 exsultationis
414 2509 674 2552 expressionem,
699 2519 773 2543 cum
789 2509 878 2543 dicit:
904 2510 1040 2542 Reversi
1055 2514 1135 2542 sunt

124 2595 127 2599 ,
169 2567 278 2595 autem
302 2563 517 2605 septuayinta
541 2562 607 2595 duo
631 2572 709 2595 cum
730 2563 877 2606 yatadio,
902 2563 987 2606 quod
1016 2563 1134 2596 scilicet

168 2625 231 2649 non
254 2619 378 2663 tantum
403 2616 598 2649 sentiebatur
630 2616 662 2649 in
686 2616 798 2656 corde,
822 2617 876 2650 sed
907 2617 1001 2650 etiam
1025 2617 1134 2659 expri-

167 2669 314 2702 mebatur
337 2669 368 2702 in
393 2677 555 2708 sermone,
588 2672 625 2702 ut
647 2669 867 2702 verificaretur
891 2669 970 2703 illud
1002 2670 1133 2703 Prover-

169 2721 296 2755 biorum
312 2722 432 2756 decimo
456 2723 567 2765 quinto
580 2722 611 2755 ⁶:
633 2735 649 2751 (ι
667 2722 726 2755 Cor
750 2722 891 2765 gaudens
914 2723 1074 2756 exhilarat
1088 2723 1133 2756 fa-

242 2859 251 2875 ¹
272 2861 337 2888 Cod.
356 2862 378 2887 11
397 2864 423 2888 et
442 2862 500 2888 Vat.
520 2868 581 2888 cum
601 2862 713 2894 Vulgata
734 2860 788 2893 Qui
805 2863 904 2889 autem.
918 2877 953 2882 —
972 2863 1090 2890 Subinde
1103 2864 1136 2889 al-

170 2904 272 2936 legatur
294 2906 362 2931 loan.
382 2906 412 2937 5,
432 2906 475 2931 23.

241 2947 252 2962 ²
273 2949 348 2975 Vers.
370 2950 391 2975 1.
410 2963 446 2969 -
465 2951 551 2982 Beda,
570 2951 606 2976 lll.
632 2950 660 2976 in
679 2951 741 2977 Luc.
762 2951 810 2982 10,
831 2951 878 2977 46:
906 2951 961 2983 Qui
977 2954 1068 2979 autem
1093 2959 1136 2979 me

170 2992 274 3027 spernit
292 2997 355 3026 etc.‚
375 2994 437 3027 quia
457 2996 549 3027 procul
563 2994 645 3022 dubio
658 2996 683 3021 in
696 2995 826 3028 discipulo
839 2996 965 3028 magister
980 2997 1095 3029 auditur,
1110 3000 1136 3023 et

172 3036 197 3062 in
215 3037 269 3063 sslio
287 3040 361 3070 pater
380 3039 532 3065 honoratur.

243 3079 254 3095 ⁸
275 3082 348 3108 Vers.
369 3083 412 3108 19.
430 3097 466 3102 -
485 3084 609 3117 Sequitur
627 3085 709 3117 Apoc.
730 3084 777 3116 14,
798 3083 824 3110 6.
846 3091 901 3118 seq.

242 3124 254 3140 ¹
273 3126 323 3153 Ctr.
343 3134 424 3159 supra
443 3134 468 3153 n.
490 3128 514 3153 t.

243 3169 254 3185 ⁶
273 3171 349 3198 Vers.
369 3172 417 3205 20,
435 3171 482 3198 ubi
501 3179 550 3205 pro
569 3172 634 3207 qaia
654 3174 704 3207 (ita
723 3174 801 3200 etiam
828 3175 853 3200 S.
880 3174 991 3206 Thom.,
1010 3174 1066 3201 Cat.
1091 3182 1135 3201 au-

172 3222 217 3242 rea
241 3216 268 3242 in
286 3216 349 3242 Luc.
369 3216 411 3242 10.
430 3223 456 3242 11.
476 3217 501 3243 5.
523 3219 550 3243 et
567 3217 711 3252 Gorranus)
725 3218 838 3251 Vulgata
857 3218 945 3253 quod,·
959 3219 1029 3245 idem
1048 3227 1135 3246 recur-

173 3260 206 3286 rit
223 3260 290 3286 int'ra
309 3268 334 3287 n.
355 3260 397 3287 34.

244 3303 256 3319 ⁶
274 3306 350 3332 Vers.
371 3306 413 3332 13.
431 3319 467 3325 -
485 3306 534 3332 Pro
553 3306 739 3346 verificaretur
757 3308 816 3334 Vat.
835 3307 997 3343 verificetur.

244 3347 255 3363 '
276 3351 349 3376 Vers.
371 3351 412 3376 11.
431 3363 467 3370 -
485 3351 613 3383 Superius
631 3351 742 3379 vocibus
760 3359 789 3379 se
807 3352 926 3387 gaudere
952 3353 1008 3379 vat.
1030 3345 1134 3380 interse-

173 3393 207 3419 rit
225 3392 317 3428 inepte.

2094 237 2153 269 ί261

1197 319 1277 352 ciem
1293 333 1324 352 ».
1343 340 1387 345 —
1408 321 1538 364 Propter
1562 323 1645 364 quod
1671 323 1772 356 addit:
1808 325 1974 357 Dicentes:
2002 325 2158 363 Domine,

1197 373 1296 405 etiam
1319 374 1498 407 daemonia
1519 375 1747 408 subiiciuntar
1764 377 1856 409 nobis
1882 378 1915 409 in
1939 378 2070 410 nomine
2087 382 2160 415 tuo,-

1197 425 1229 457 in
1253 435 1317 468 quo
1341 427 1576 468 exprimebant,
1601 437 1634 461 se
1658 429 1810 471 gaudere,
1828 430 1902 472 quia
1927 431 2072 463 fortiores
2088 431 2160 464 dae-

1196 479 1344 513 monibus
1368 480 1439 513 sacti
1463 485 1562 513 erant.
1590 482 1624 514 Et
1649 482 1707 515 ista
1730 483 1855 525 quidem
1882 485 1997 516 laetitia
2017 484 2161 516 veniebat

1196 541 1239 564 ex
1263 532 1378 565 latente
1402 534 1565 575 superbia,
1582 535 1664 567 sicut
1687 539 1718 568 et
1742 536 1826 568 illius
1844 537 2017 575 Pharisaei,
2042 537 2080 569 de
2097 546 2160 579 quo

1197 585 1279 617 infra
1305 585 1427 618 decimo
1458 587 1593 619 octavo⁷
1620 587 1751 627 dicitur,
1788 589 1871 630 quod
1903 599 1996 622 orans
2020 590 2159 622 dicebat:

1201 651 1216 667 α
1233 638 1355 671 Gratias
1379 639 1450 679 tibi,
1466 640 1565 679 Deus,
1590 650 1662 683 ago,
1687 642 1762 683 quia
1785 651 1846 674 non
1872 651 1942 675 suni
1968 644 2049 676 sicut
2066 643 2161 676 ceteri

1196 690 1360 724 hominum
1377 705 1392 720 »
1422 695 1480 725 etc.

1286 745 1339 778 30.
1366 746 1401 778 Et
1425 750 1516 785 nota,
1541 747 1625 789 quod
1642 748 1680 780 de
1703 748 1817 781 divinis
1833 749 1923 781 donis
1946 749 2072 791 quidam
2090 759 2162 781 ma-
2178 761 2261 782 rrimus
2285 767 2327 782 mo-

1195 798 1313 842 nifeste
1336 798 1533 842 efferuntur,
1558 801 1639 834 sicut
1663 802 1706 834 illi
1735 803 1790 844 qui
1815 803 1871 835 sibi
1905 812 1941 835 ea
1965 803 2161 842 attribuunt;
2184 788 2327 844 3ῗῖεεῖῗῖἱῖ

1196 852 1235 885 de
1252 853 1369 895 quibus
1393 853 1628 887 Deuteronomii
1647 855 1807 897 trigesimo
1825 857 1961 889 secundo
1975 857 2002 888 8:
2026 870 2040 884 «
2054 858 2162 889 Manus
2187 848 2240 862 ‘¹⁰¹⁸
2257 842 2326 862 ‘¹⁰⁰³'

1197 915 1267 938 mea
1290 907 1433 946 excelsa,
1458 911 1489 940 et
1513 917 1575 940 non
1608 909 1776 948 Dominus,
1802 910 1874 942 fecit
1898 911 1973 942 llaec
2006 911 2109 942 omnia
2132 924 2160 942 n.

1197 959 1313 992 Contra
1336 969 1416 1002 quos
1440 961 1675 994 Deuteronomii
1693 972 1792 995 nono:
1823 977 1838 991 «
1855 964 1897 995 Ne
1921 964 2004 996 dicas
2021 964 2050 995 in
2068 964 2161 996 corde

1198 1016 1271 1052 tuo,
1296 1022 1368 1046 cum
1385 1014 1537 1046 deleverit
1553 1014 1705 1047 Dominus
1725 1019 1833 1057 gentes
1850 1016 1879 1048 in
1905 1020 2073 1058 conspectu
2092 1020 2159 1048 tuo:

1198 1066 1328 1108 Propter
1353 1067 1503 1100 iustitiam
1529 1076 1630 1100 meam
1656 1068 1782 1100 induxit
1807 1078 1856 1101 me
1873 1069 2026 1102 Dominus
2050 1069 2079 1101 in
2099 1073 2161 1102 ter-

1198 1128 1266 1152 ram
1290 1120 1372 1152 hanc
1389 1133 1419 1152 ι).
1436 1139 1482 1143 -
1497 1120 1627 1162 Quidam
1653 1125 1759 1154 autem
1783 1121 1957 1164 manifeste
1981 1121 2161 1154 humiliati·
2181 1133 2299 1156 Secundus.

1198 1177 1266 1211 tar,
1283 1173 1322 1205 de
1338 1173 1455 1215 quibus
1479 1173 1594 1206 dicitur
1611 1174 1692 1206 infra
1716 1174 1837 1207 decimo
1854 1175 1986 1217 septimo
2000 1176 2026 1207 ⁹:
2050 1189 2064 1204 α
2083 1176 2161 1208 Cum

1196 1226 1301 1258 omnia
1328 1226 1408 1259 bene
1431 1226 1582 1266 feceritis,
1614 1227 1721 1267 dicite,
1746 1228 1821 1270 quia
1852 1229 1933 1261 servi
1959 1229 2086 1261 inutiles
2110 1238 2162 1261 su-

1198 1288 1269 1312 mus
1286 1293 1316 1311 n.
1342 1279 1424 1312 Talis
1447 1284 1516 1312 erat
1540 1280 1673 1320 Paulus,
1698 1281 1751 1323 qui
1776 1281 1814 1314 de
1840 1291 1872 1314 se
1897 1282 1964 1324 ipso
1988 1283 2107 1324 primae
2124 1282 2162 1314 ad

1197 1332 1376 1365 Corinthios
1400 1331 1521 1365 decimo
1545 1334 1673 1375 quinto:
1704 1347 1719 1362 «
1738 1334 1798 1376 Ego
1823 1343 1894 1367 sum
1911 1335 2060 1367 minimus
2086 1337 2162 1376 Apo-

1198 1386 1374 1425 stolorum,
1411 1386 1465 1428 qui
1497 1396 1559 1419 non
1594 1396 1664 1420 sum
1701 1387 1815 1429 dignus
1850 1389 1953 1421 vocari
1988 1389 2161 1430 Apostolus.

1198 1439 1305 1472 Gratia
1329 1443 1435 1472 autem
1460 1440 1514 1473 Dei
1539 1449 1609 1473 sum
1635 1441 1664 1473 id
1690 1441 1773 1483 quod
1799 1451 1884 1480 sum,
1909 1446 1940 1474 et
1971 1442 2071 1484 gratia
2095 1443 2163 1474 eius

1200 1492 1231 1524 in
1256 1501 1307 1525 me
1331 1501 1431 1525 vacua
1455 1502 1517 1525 non
1540 1493 1614 1532 fuit,
1632 1493 1684 1526 sed
1709 1494 1912 1526 abundavit»
1941 1498 1998 1527 etc.
2024 1513 2068 1517 —-
2089 1494 2163 1535 Qui-
2183 1507 2274 1528 rerum.

1198 1545 1272 1578 dam
1295 1555 1371 1579 vero
1391 1547 1521 1588 partim
1545 1545 1771 1579 humiliantur
1794 1548 1910 1589 gratias
1933 1548 2066 1589 agendo,
2080 1557 2164 1589 par-

1201 1599 1261 1633 tim
1292 1599 1477 1643 efferuntur
1508 1600 1697 1633 exsultando
1729 1600 1848 1642 inepte,
1880 1601 1961 1634 sicut
1992 1601 2042 1633 isti
2074 1600 2166 1633 disci-

1200 1653 1285 1695 puli,
1302 1654 1356 1696 qui
1381 1653 1559 1696 gaudebant
1575 1653 1614 1686 de
1637 1654 1829 1686 subiectione
1846 1654 2052 1693 daemonum,
2077 1655 2166 1687 attri-

1200 1707 1340 1740 buebant
1372 1711 1476 1740 tamen
1508 1707 1568 1740 hoc
1592 1716 1653 1740 non
1686 1707 1762 1747 sibi,
1791 1707 1845 1740 sed
1877 1708 1993 1740 nomini
2024 1708 2164 1746 Domini,

1200 1770 1273 1793 cum
1298 1761 1424 1795 dicunt:
1450 1761 1486 1793 in
1509 1761 1640 1793 nomine
1663 1765 1735 1800 tuo,
1760 1761 1842 1794 sicut
1859 1762 1909 1794 ille
1927 1762 2113 1795 Pharisaeus
2128 1762 2162 1794 1⁰.

1200 1814 1286 1847 Unde
1316 1814 1435 1857 aliquid
1459 1815 1617 1848 habebant
1648 1813 1922 1854 commendabile,
1948 1816 2006 1848 hoc
2032 1816 2165 1854 scilicet,
2193 1827 2280 1854 Aliquid
2295 1827 2332 1847 in-

1199 1868 1285 1910 quod
1308 1868 1551 1901 revertebantur
1568 1868 1606 1900 ad
1631 1868 1746 1901 sontem
1769 1869 1962 1911 gratiarum,
1987 1869 2103 1911 gratias
2127 1869 2166 1901 ab
2181 1854 2331 1902 gfebssci‘ssbicffi'

1198 1921 1267 1963 ipso
1291 1925 1452 1963 susceptas
1476 1921 1728 1963 recognoscendo
1759 1926 1790 1954 et
1813 1922 1912 1955 eidem
1945 1923 2061 1964 gratias
2085 1922 2165 1955 refe-

1198 1975 1315 2015 rendo;
1332 1975 1424 2008 iuxta
1448 1975 1532 2017 quod
1545 1975 1660 2008 dicitur
1679 1975 1880 2008 Ecclesiastae
1901 1976 2003 2017 primo
2018 1977 2057 2007 11;
2088 1989 2104 2004 «
2121 1976 2164 2008 Ad

1198 2029 1321 2068 locum,
1345 2028 1429 2061 unde
1461 2032 1581 2061 exeunt
1613 2028 1762 2067 flumina,
1788 2032 2012 2068 revertuntur,
2044 2033 2080 2061 ut
2108 2030 2164 2062 ite-

1199 2091 1271 2115 rum
1304 2082 1456 2120 fluant»;
1481 2085 1512 2114 et
1545 2081 1596 2114 lob
1628 2082 1787 2124 trigesimo
1819 2086 1946 2114 octavo:
1976 2095 1991 2110 a
2016 2082 2164 2124 Nunquid

1198 2136 1304 2169 mittes
1326 2136 1471 2178 fulgura,
1504 2138 1535 2168 et
1559 2135 1666 2175 ibunt,
1691 2139 1722 2168 et
1746 2136 1936 2169 revertentia
1959 2136 2062 2169 dicent
2087 2136 2162 2168 tibi:

1198 2190 1354 2223 Adsumus
1371 2193 1412 2222 »1
1436 2190 1537 2231 Super
1561 2199 1625 2232 quo
1649 2189 1724 2222 dicit
1747 2189 1871 2222 Glossa:
1902 2203 1917 2218 <t
1941 2190 2074 2222 Vadunt
2096 2189 2164 2232 ful-

1197 2253 1307 2287 ιιμινα,
1333 2253 1405 2276 cum
1430 2243 1662 2285 praedicatores
1685 2243 1846 2276 miraculis
1871 2247 2038 2276 coruscant
2057 2247 2088 2276 et
2111 2253 2164 2276 su-

1199 2307 1298 2340 perna
1321 2297 1499 2330 reverentia
1522 2297 1721 2330 subditorum
1748 2297 1842 2330 corda
1874 2297 2081 2339 transfigunt;
2115 2307 2164 2330 re-

1198 2351 1359 2384 vertentia
1382 2350 1514 2383 dicunt:
1540 2351 1729 2389 Adsumus,
1755 2360 1826 2383 cum
1852 2360 1912 2383 non
1937 2350 2013 2389 sihi,
2032 2350 2085 2383 sed
2109 2351 2164 2383 Dei

1198 2404 1372 2437 virtutibus
1404 2404 1568 2442 tribuunt,
1593 2403 1747 2446 quidquid
1777 2413 1809 2436 se
1844 2403 1966 2436 fortiter
1990 2404 2089 2446 egisse
2113 2413 2164 2436 co-

1198 2460 1354 2499 gnoscunt
1370 2470 1401 2489 ».
1427 2457 1517 2489 Tales
1541 2461 1615 2489 sunt
1631 2457 1690 2489 viri
1715 2457 1862 2499 perfecti,
1880 2457 1911 2489 in
1936 2466 2073 2499 quorum
2092 2466 2163 2499 per-

1198 2520 1274 2543 sona
1297 2510 1413 2543 dicitur
1438 2510 1533 2543 Isaiae
1557 2510 1707 2552 vigesimo
1731 2514 1823 2543 sexto
1838 2510 1881 2542 12:
1908 2523 1923 2539 (ι
1940 2510 2051 2543 Omnia
2068 2520 2164 2553 opera

1197 2567 1306 2596 nostra
1329 2567 1479 2606 operatus
1494 2572 1528 2596 es
1552 2563 1582 2595 in
1600 2563 1704 2602 nobis,
1729 2563 1861 2596 Domine
1877 2576 1912 2602 »;
1931 2568 1961 2596 et
1978 2564 2008 2595 in
2026 2564 2161 2596 Psalmo:

1204 2630 1220 2646 c<
1236 2617 1301 2650 Non
1325 2617 1430 2656 nobis,
1454 2616 1603 2655 Domine,
1628 2626 1691 2649 non
1708 2617 1815 2655 nobis,
1840 2617 1893 2649 sed
1911 2617 2101 2649 nominituo
2125 2617 2165 2649 da

1198 2670 1330 2712 gloriam
1346 2683 1377 2701 ».
1392 2688 1434 2694 —
1447 2669 1570 2712 Aliquid
1586 2669 1678 2702 etiam
1697 2669 1854 2702 habebant
1870 2668 2119 2712 reprebeiwibiie
2132 2670 2161 2702 in
2183 2679 2317 2716 Anquisrp-

1199 2723 1273 2763 hoc,
1299 2723 1383 2766 quod
1400 2723 1439 2756 de
1463 2723 1625 2765 potestatis
1641 2723 1805 2756 altitudine
1829 2722 2056 2762 efferebantur;
2078 2722 2160 2765 quod
2176 2706 2329 2734 ⁹¹²¹³⁹¹¹²¹b¹¹²'

1272 2862 1283 2877 ¹³
1304 2865 1379 2890 Vers.
1401 2864 1448 2889 27:
1467 2863 1568 2890 Manus
1586 2864 1682 2889 nostra
1701 2866 1766 2894 etc.‚
1786 2866 1845 2895 post
1864 2869 1944 2895 quem
1965 2862 1993 2894 9,
2014 2861 2037 2887 4.

1271 2906 1283 2922 ⁹
1303 2909 1378 2934 Vers.
1399 2909 1440 2933 10.
1458 2922 1494 2927 -
1508 2907 1625 2934 Subinde
1643 2908 1771 2939 allegatur
1794 2908 1812 2933 l.
1833 2907 1893 2934 Cor.
1917 2907 1965 2938 15,
1988 2907 2012 2932 9.
2032 2913 2087 2939 seq.

1272 2951 1295 2966 ¹⁰
1314 2952 1365 2979 Ctr.
1388 2959 1469 2984 supra
1491 2959 1517 2977 n.
1537 2953 1580 2977 29.
1600 2952 1625 2977 in
1644 2952 1703 2977 tine.
1720 2966 1752 2970 -
1766 2952 1826 2977 Vat.
1848 2952 1913 2977 haec
1933 2950 2014 2977 verba
2033 2951 2102 2977 sicut
2121 2950 2165 2977 ille.

1199 2996 1366 3023 Pharisaeus
1387 2996 1534 3028 transponit
1552 2996 1674 3028 superius
1694 2999 1754 3028 post
1772 3002 1828 3022 non
1845 2995 1905 3022 sibi.

1273 3039 1294 3055 ¹¹
1315 3041 1390 3067 Vers.
1408 3040 1440 3073 7,
1453 3041 1496 3066 cui
1510 3039 1672 3066 subnectitur
1692 3039 1736 3066 lob
1757 3041 1805 3072 38,
1825 3040 1867 3066 35.
1887 3040 1977 3065 Glossa
1997 3039 2022 3065 in
2042 3041 2111 3065 liunc
2131 3041 2165 3065 lo-

1200 3084 1260 3111 cum
1281 3086 1388 3111 interius
1406 3085 1514 3117 allegata
1534 3088 1573 3110 est
1592 3084 1735 3111 ordinaria
1755 3084 1913 3117 (secundum
1933 3084 2057 3116 Gregor.,
2078 3085 2163 3110 XXX.

1199 3131 1286 3156 Moral.
1306 3137 1329 3156 c.
1349 3131 1374 3155 2.
1399 3136 1425 3154 n.
1445 3130 1495 3162 6.);
1521 3129 1547 3154 in
1573 3129 1630 3161 ipsa
1656 3132 1740 3155 textus
1765 3129 1899 3160 originalis
1918 3135 1966 3160 pro
1991 3127 2164 3154 subditorum

1199 3175 1334 3201 substituit
1357 3173 1516 3200 auditorum
1540 3173 1590 3206 (ita
1614 3177 1640 3199 et
1666 3173 1750 3206 Vas),
1771 3176 1797 3198 et
1815 3177 1874 3205 post
1894 3172 2061 3207 trunsfiyunt
2087 3173 2163 3205 plura

1198 3219 1279 3245 addit.

1271 3262 1293 3278 ²²
1312 3264 1386 3289 Vers.
1408 3263 1455 3294 12,
1475 3261 1521 3288 uhi
1540 3269 1588 3294 pro
1602 3262 1629 3288 in
1648 3261 1724 3288 nobis
1738 3262 1851 3294 Vulgata
1864 3265 1889 3288 et
1904 3262 1960 3287 Vat.
1973 3260 2048 3288 nobis
2056 3271 2066 3293 ;
2084 3261 2162 3287 Card.

1198 3309 1275 3341 Hugo
1295 3312 1434 3341 utramque
1453 3307 1590 3333 lectionem
1609 3306 1713 3333 exhibet
1732 3306 1788 3339 (etr.
1805 3307 1845 3332 Ps.
1865 3306 1912 3338 67,
1927 3306 1995 3339 29.);
2010 3310 2161 3339 postquem

1199 3353 1239 3379 Ps.
1261 3353 1326 3384 113,
1347 3353 1372 3378 9.
1391 3352 1443 3385 (vel
1465 3351 1510 3385 1.).
