2476 3921
2 795 4 815 ¹
51 811 143 843 Expellit

31 844 162 886 ”³⁰32qu-

28 1501 156 1525 Notandum.

14 1981 43 2003 Ex
55 1973 115 2036 zani-llio
124 1987 161 2009 po-

28 2087 156 2110 Reverentia

37 2114 60 2136 in
73 2114 144 2137 corde.

14 2511 71 2540 Item,
79 2512 102 2535 in
110 2519 154 2535 ore.

783 230 976 264 COMMENT.
1002 231 1037 263 lN
1064 230 1300 264 EVANGELIUM
1326 231 1442 263 LUCAE
1466 231 1498 263 C.
1525 232 1570 264 lv.

184 322 261 356 falsa
284 321 384 360 veris;
409 320 493 353 unde
527 324 558 353 et
582 320 674 353 Marci
700 320 846 362 primo1:
878 332 893 348 «
913 319 979 351 Non
1008 319 1146 358 sinebat,

183 375 346 409 daemonia
381 374 514 417 loqui»,
538 373 613 406 dicit
636 373 757 413 Glossa‚
787 386 803 401 α
823 382 880 412 ne,
905 372 980 405 dum
1005 372 1147 405 viderent

183 438 259 462 vera
282 428 454 467 dicentem,
483 429 694 469 sequerentur
717 430 876 459 errantem
899 439 930 458 ».
957 425 993 457 Et
1015 425 1084 458 ideo
1115 425 1146 457 in

184 481 322 514 Psalmo:
353 481 469 513 «Muta
500 480 578 512 fiant
601 479 682 512 labia
704 479 829 519 dolosa,
859 488 940 522 quae
970 479 1147 521 loquuntur

182 535 334 568 adversus
358 534 477 567 iustum
501 533 698 575 iniquitatem
723 546 753 565 n.
778 532 922 566 Ostendit
944 536 1050 565 autem
1076 532 1145 571 hic,

183 596 295 621 vanam
319 587 450 630 gloriam
475 595 543 619 esse
575 586 751 625 vitandam,
775 589 812 619 ut
839 595 858 618 a
882 586 970 618 vanis
1000 589 1031 618 et
1062 585 1146 618 falsis

181 650 244 673 non
268 648 458 683 quaeramus
475 639 605 672 laudari.
624 639 810 681 Exemplum
826 639 865 672 de
883 639 990 677 Paulo,
1012 640 1144 671 Actuum

181 694 302 727 decimo
322 696 414 726 sexto
427 693 449 725 ².

271 748 322 779 76.
349 747 414 779 Νο0
439 746 540 779 solum
564 749 671 778 autem
696 745 828 788 imponit
859 745 1019 778 silentium
1043 745 1144 778 incre-

181 800 300 843 pando,
326 808 437 833 verum
462 799 555 832 etiam
579 799 709 842 expellit
724 798 976 841 praecipiendo,
1001 807 1074 831 cum
1091 799 1140 831 ad-

180 853 240 887 dit:
267 853 332 886 Eaei
354 853 396 886 ab
420 853 474 885 illo
488 853 509 884 ⁸.
544 853 605 885 lam
631 853 781 895 impletur
806 852 882 884 illud
914 852 1057 885 Habacuc
1082 856 1144 885 ter-

181 908 242 940 tio:
270 920 286 936 «
303 906 488 949 Egredietur
511 906 655 939 diabolus
677 909 749 938 ante
773 906 866 947 pedes
889 906 958 938 eius
975 919 1004 937 ».
1023 906 1059 938 Et
1075 906 1144 938 ideo

181 960 344 1002 sequitur:
370 960 409 992 Et
433 969 509 991 eum
531 959 721 1001 proiecisset
751 958 847 991 illum
869 958 1084 992 daemonium
1108 959 1143 991 in

179 1013 341 1052 medium,
365 1013 446 1045 exiit
468 1012 510 1045 ab
535 1012 610 1051 illo;
634 1013 663 1045 in
694 1021 757 1055 quo
781 1012 958 1045 ostenditur
982 1012 1144 1045 iracundia

179 1067 312 1107 diaboli,
336 1067 411 1109 quia
442 1066 560 1099 invitus
583 1066 662 1099 exiit
685 1069 717 1099 et
747 1075 819 1099 cum
849 1075 1033 1104 murmure;
1059 1065 1143 1099 unde

179 1124 210 1154 et
233 1120 264 1153 in
289 1120 545 1162 Marciprimo‘2:
575 1132 591 1148 «
609 1120 644 1152 Et
660 1119 841 1161 discerpens
864 1128 955 1158 eum,
980 1119 1080 1152 exivit
1103 1120 1143 1152 ab

179 1174 232 1207 illo
249 1187 279 1206 ».
305 1174 367 1207 Hoc
382 1177 487 1206 autem
512 1173 585 1206 facit
606 1173 765 1212 diabolus,
790 1182 861 1205 cum
887 1173 988 1212 videt,
1014 1182 1047 1206 se
1070 1182 1142 1215 per-

178 1227 253 1260 dere
266 1227 351 1269 quod
364 1227 444 1260 male
461 1226 611 1268 possidet:
624 1225 822 1268 Apocalypsis
837 1226 1036 1259 duodecimo:
1056 1239 1071 1254 «
1083 1226 1142 1259 De-

179 1280 298 1314 scendit
314 1280 353 1313 ad
377 1289 433 1312 vos
455 1279 614 1318 diabolus,
640 1279 758 1311 habens
782 1279 861 1311 iram
886 1288 1030 1321 magnam
1045 1293 1059 1307 n
1081 1282 1140 1312 etc.

180 1334 239 1367 Sed
262 1334 310 1366 ira
340 1334 409 1366 eius
437 1342 499 1366 non
524 1333 629 1372 laesit,
661 1332 792 1365 Domino
820 1332 1025 1374 prohibente;
1058 1333 1141 1365 unde

178 1387 347 1420 subditur:
384 1385 539 1429 Nihilque
569 1386 599 1418 ei
614 1385 627 1405 ⁵
654 1385 791 1423 necuim
823 1385 918 1418 Isaiae
952 1385 1139 1418 undecimo:

183 1454 198 1470 t(
214 1440 281 1473 Non
304 1440 462 1473 nocebunt
486 1442 518 1472 et
533 1448 594 1471 non
618 1438 760 1471 occident
776 1439 808 1470 in
832 1439 917 1471 omni
938 1442 1044 1471 monte
1069 1448 1140 1471 san-

177 1497 227 1527 cto
250 1502 320 1526 meo
337 1506 366 1525 n.
389 1512 428 1517 --
445 1492 491 1525 Ex
508 1492 567 1525 hoc
583 1495 688 1524 autern
706 1491 879 1534 colligitur,
896 1491 981 1533 quod
997 1491 1140 1524 diabolus

177 1547 272 1580 habet
296 1555 419 1588 semper
443 1545 636 1578 voluntatem
661 1544 811 1584 nocendi,
836 1544 911 1587 quia
940 1544 1020 1576 hanc
1046 1544 1140 1577 habet

176 1609 195 1633 a
230 1599 414 1641 semetipse,
439 1598 492 1631 sed
527 1600 712 1640 potestatem
743 1597 873 1630 nocendi
911 1606 973 1630 non
997 1606 1138 1639 semper,

176 1653 236 1687 nisi
271 1655 425 1695 quantum
461 1655 493 1684 et
525 1651 651 1694 quando
683 1651 877 1693 permittitur
912 1660 930 1683 a
965 1651 1029 1683 Deo
1057 1651 1140 1684 iusto

176 1707 286 1746 modo;
310 1705 395 1739 unde
418 1705 457 1739 ad
481 1705 635 1737 Romanos
657 1704 779 1737 decimo
803 1704 940 1737 tertio⁶:
970 1717 985 1732 a
1003 1705 1068 1737 Non
1092 1708 1140 1738 est

175 1763 313 1804 potestas
336 1759 395 1792 nisi
427 1768 445 1791 a
469 1759 533 1791 Deo
551 1772 580 1790 ».
605 1758 641 1790 Et
664 1758 734 1791 ideo
765 1757 886 1799 primae
912 1757 993 1791 Petri
1026 1758 1138 1790 tertio:

181 1828 197 1844 «ι
212 1814 290 1856 Quis
324 1816 389 1853 est,
413 1813 467 1855 qui
505 1812 594 1846 vobis
618 1815 745 1851 noceat,
770 1811 795 1844 si
832 1811 904 1844 boni
929 1812 1140 1844 aemulatores

174 1868 298 1901 fueritis
314 1881 330 1897 »
346 1870 359 1900 ‘e

266 1922 317 1953 77.
342 1920 442 1963 (Vers.
468 1919 545 1960 36.).
564 1919 724 1951 Postremo
739 1927 781 1951 ex
798 1922 888 1960 parte
900 1918 1020 1960 populi
1034 1922 1138 1951 osten-

174 1974 261 2008 ditur
284 1972 438 2007 exhibitio
469 1972 595 2005 debitae
618 1971 834 2011 reverentiae,
867 1981 940 2005 cum
969 1971 1136 2004 subditur:

176 2028 217 2061 Et
238 2026 352 2071 factus
375 2030 422 2059 est
441 2035 551 2069 pavor
575 2025 610 2058 in
626 2024 790 2058 omnibus,
816 2026 877 2058 Hoc
900 2025 1016 2058 dicitur
1037 2034 1138 2067 quan-

174 2085 243 2114 tum
267 2080 304 2114 ad
338 2079 546 2113 reverentiam
578 2078 752 2111 secundum
777 2082 891 2111 actum
922 2078 1042 2111 cordis.
1076 2078 1137 2111 Nec

172 2135 309 2174 mirum,
332 2133 424 2177 quia,
442 2133 494 2166 lob
510 2132 660 2175 vigesimo
683 2132 814 2172 sext0⁷‚
844 2145 860 2161 «
876 2132 1039 2165 columnae
1060 2131 1137 2165 caeli

173 2187 420 2223 contremiscunt
443 2190 474 2220 et
497 2189 612 2229 pavent
634 2185 673 2219 ad
696 2188 811 2218 nutum
834 2185 903 2218 eius
919 2197 954 2224 ”3
979 2184 1063 2217 unde
1084 2184 1137 2217 Iob

174 2244 306 2284 quarto:
336 2254 352 2270 «
369 2241 467 2273 Pavor
484 2239 585 2272 tenuit
607 2247 658 2271 me
681 2241 713 2271 et
729 2242 868 2277 tremor,
891 2241 923 2270 et
945 2237 1051 2270 omnia
1066 2246 1137 2270 ossa

173 2293 436 2337 meaperterrita
459 2296 576 2326 sunt».
601 2292 637 2325 Et
660 2292 720 2324 hoc
735 2290 775 2323 ad
797 2293 959 2332 aspectum
984 2290 1061 2322 tanti
1078 2290 1136 2323 mi-

174 2347 291 2387 raculi3
323 2346 481 2379 Psalmus:
511 2345 721 2378 «Confitebor
745 2344 820 2383 tibi,
852 2343 928 2386 quia
950 2343 1136 2376 terribiliter

173 2399 392 2443 magnificatus
407 2408 441 2432 es
447 2411 454 2439 ;
471 2398 627 2431 mirabilia
642 2406 738 2440 opera
755 2400 810 2430 tua
821 2408 853 2435 »;
870 2400 901 2429 et
918 2396 1067 2429 Ieremiae
1082 2396 1136 2429 de-

174 2453 273 2486 cimo:
302 2465 318 2482 «
335 2452 412 2494 Quis
435 2461 497 2485 non
522 2451 642 2484 timebit
665 2454 714 2489 te,
737 2459 756 2483 o
780 2459 840 2483 rex
864 2449 1004 2492 gentium
1022 2452 1069 2497 »2
1093 2467 1135 2473 —-

174 2507 333 2548 Quantum
357 2514 434 2539 vero
457 2505 496 2538 ad
519 2509 632 2538 actum
656 2504 726 2537 oris
748 2503 950 2546 adiungitur:
976 2503 1017 2535 Et
1040 2502 1134 2536 eollo-

246 2699 254 2713 ¹
275 2699 350 2725 Vers.
371 2698 415 2724 34.
433 2698 523 2724 Glossa
541 2700 581 2724 est
606 2696 788 2724 interlinearis
819 2697 859 2730 (ex
887 2697 988 2730 Beda):
1007 2697 1044 2723 Ne
1062 2697 1137 2730 quis,

173 2744 238 2771 dum
257 2743 331 2770 audit
349 2742 561 2775 praedicantem,
580 2744 706 2775 sequatur
725 2743 855 2767 errantem
876 2744 902 2767 et
920 2742 982 2767 salsa
1001 2741 1072 2767 veris
1092 2741 1137 2767 mi-

172 2790 298 2815 scentem.
316 2801 358 2821 —⁴
370 2786 489 2813 Subinde
507 2787 633 2818 allegatur
651 2786 691 2811 Ps.
712 2786 759 2817 30,
781 2785 822 2811 19.

242 2831 254 2847 ²
273 2833 348 2859 Vers.
369 2832 412 2858 16.
431 2839 520 2865 seqq,
539 2830 586 2857 ubi
603 2833 738 2862 narratur,
757 2830 830 2863 quod
844 2830 938 2856 Paulus
951 2831 1072 2863 spiritum
1091 2837 1136 2863 py-

172 2878 278 2903 thonem
298 2876 402 2902 eiecerit
420 2883 435 2902 e
449 2875 533 2908 puella
549 2875 671 2901 laudante
683 2875 792 2900 Paulum
805 2873 931 2908 tanquam
950 2875 996 2901 Dei
1017 2881 1134 2901 servum.

244 2919 255 2935 ⁸
276 2921 388 2953 vulgata
407 2919 440 2946 Et
458 2919 506 2946 exi
522 2918 556 2946 ab
574 2926 615 2946 eo.
633 2933 668 2938 —
687 2919 810 2952 Sequitur
828 2918 925 2945 Habac.
947 2919 977 2950 3,
997 2919 1022 2945 5.

243 2964 254 2979 ¹
273 2965 349 2991 Vers.
367 2964 409 2990 26.
429 2976 464 2983 —
484 2963 603 2990 Subinde
621 2963 747 2995 allegatur
765 2964 847 2995 Apoc.
868 2963 916 2994 112,
936 2963 978 2989 42.

243 3008 254 3024 ⁶
273 3009 385 3041 Vulgata
404 3008 492 3035 illam.
511 3022 546 3028 —
566 3008 690 3042 Sequitur
709 3008 766 3034 lsai.
787 3008 829 3039 ll,
849 3008 874 3033 9.

243 3049 254 3068 ⁶
274 3054 349 3080 vers.
368 3053 393 3084 1,
412 3056 471 3086 post
490 3060 570 3087 quem
590 3053 609 3079 1.·
627 3053 693 3079 Petr.
714 3053 744 3084 3,
765 3052 807 3078 ⁴3.
828 3066 864 3072 —
883 3052 931 3078 Pro
960 3051 1030 3079 iusto
1053 3051 1133 3079 modo
1153 3068 1161 3083 ,v

172 3098 226 3124 ΒΗ
245 3097 315 3124 iusto
334 3095 441 3123 indicto.

227 3136 253 3156 '¹'
273 3141 347 3168 Vers.
368 3141 410 3166 ll.
431 3155 464 3160 —
485 3141 550 3167 Tres
568 3148 642 3174 seqq.
656 3141 707 3168 loci
719 3143 779 3167 sunt
791 3139 836 3166 lob
850 3140 880 3172 4,
895 3140 942 3172 ⁴45
956 3141 996 3167 Ps.
1011 3141 1076 3172 ⁴38,
1090 3141 1132 3167 ⁴4.

172 3189 199 3212 et
217 3186 264 3212 ler.
284 3185 331 3216 lt),
349 3184 375 3211 7.

183 3225 187 3229 ’
244 3227 255 3244 ⁸
274 3229 386 3262 Vulgata
405 3228 536 3257 dicentes:
558 3228 644 3261 Quod.
662 3243 698 3249 —
718 3228 834 3255 Subinde
862 3229 987 3261 allegatur
1006 3229 1048 3256 lV.
1068 3230 1133 3262 Reg.

173 3275 201 3306 2,
223 3274 271 3307 ⁴5,
290 3273 336 3300 ubi
357 3274 484 3306 Vulgata:
509 3273 640 3307 «Omnia,
658 3280 844 3308 quaecumque
855 3276 917 3300 sunt
930 3274 955 3299 in
967 3273 1048 3300 domo
1061 3280 1133 3305 mea,

172 3318 311 3351 viderunt;
338 3318 401 3344 nihil
419 3320 473 3350 est,
492 3318 565 3352 quod
592 3325 646 3344 non
674 3318 876 3345 monstraverim
898 3318 937 3344 eis
959 3318 986 3344 in
1005 3318 1133 3344 thesauris

173 3362 239 3389 mels
251 3372 277 3389 1».
296 3361 437 3389 Rabanus:
459 3372 472 3386 α
485 3362 591 3394 Omnia,
604 3363 712 3396 quaein
731 3363 812 3389 domo
831 3364 890 3389 mea
908 3365 983 3396 sunt,
995 3362 1132 3396 viderunt,

172 3413 224 3433 non
244 3406 291 3433 ruit
310 3406 422 3433 verbum
442 3407 499 3434 sive
517 3414 573 3440 res,
591 3414 673 3441 quam
691 3407 922 3434 non-ostenderim
942 3407 980 3434 eis
992 3407 1018 3434 ln
1031 3408 1132 3434 thesau-

2113 236 2173 266 107

1212 319 1399 362 quebantar
1415 320 1461 352 aa
1479 320 1633 358 invicem,
1659 321 1776 353 seilicet
1799 322 1878 354 alter
1894 322 1931 353 ad
1949 322 2083 354 alterum
2101 331 2174 354 eon-

1211 372 1357 405 ferendo:
1392 372 1511 413 Quod8
1535 377 1582 405 est
1613 372 1671 406 hoe
1695 374 1856 406 verbum?
1881 375 1911 406 id
1935 379 1982 407 est
2007 384 2057 407 res
2081 375 2174 416 digna

1212 424 1323 464 verbo,
1341 425 1423 457 sicut
1446 426 1550 467 quarti
1569 427 1685 467 Regum
1705 427 1852 468 vigesimo
1876 428 2044 469 accipitur:
2076 442 2090 455 «
2109 429 2173 460 Non

1211 478 1270 510 suit
1292 478 1423 510 verbum
1444 478 1473 510 in
1490 479 1582 511 domo
1600 489 1679 517 mea,
1697 480 1779 521 quod
1797 490 1859 512 non
1876 481 2065 513 ostenderim
2083 482 2128 514 eis
2142 496 2171 512 ι».

1210 550 1254 554 -—
1284 531 1373 572 Quia
1397 531 1433 563 in
1456 535 1611 573 potestate
1635 537 1662 564 et
1689 533 1807 565 virtute
1831 533 1974 575 imperat
1997 534 2173 575 spiritibus

1210 584 1441 622 immundis⁹;
1468 589 1624 627 potestate
1661 586 1887 627 praecipiente,
1919 591 1950 619 et
1985 587 2173 619 0111111110-

1210 637 1319 670 ciente.
1345 637 1405 669 Nec
1432 637 1566 677 mirum,
1583 638 1672 679 quia,
1690 638 1741 670 lob
1760 639 1907 679 vigesimo
1931 640 2056 680 quinto,
2087 653 2101 666 a
2119 649 2173 681 pn-

1210 692 1305 722 testas
1329 694 1360 722 et
1383 693 1487 722 terror
1511 691 1594 732 apud
1618 700 1706 729 eum,
1733 692 1786 733 qui
1820 692 1894 724 facit
1918 693 2115 724 concordiam
2141 693 2171 724 in

1210 744 1444 776 sublimibus».
1471 745 1529 777 Sed
1555 745 1613 777 hoc
1638 745 1804 786 imperium
1839 755 1899 777 non
1924 750 1971 778 est
1996 746 2169 777 humanum

1210 806 1266 830 nec
1290 797 1382 830 etiam
1406 798 1599 840 angelicum;
1633 798 1715 830 unde
1741 798 1770 830 111
1803 798 1955 831 Canonica
1988 799 2079 831 ludae
2096 799 2171 831 dici-

1209 853 1280 889 tur‚
1305 851 1389 892 quod
1411 864 1426 878 α
1445 851 1573 883 Michael
1607 852 1836 893 Areliangelus‚
1862 861 1932 884 cum
1963 852 2170 884 altercaretur

1209 912 1280 936 cum
1304 904 1428 936 diabolo
1456 905 1494 936 de
1523 905 1617 946 Moysi
1642 914 1789 947 corpore,
1820 906 1876 937 lior
1902 905 2002 937 solum
2032 905 2170 937 dicebat:

1209 956 1342 999 Imperet
1367 957 1421 989 tibi
1448 957 1614 996 Dominus,
1639 962 1770 990 satan».

1298 1012 1349 1043 78.
1376 1011 1477 1051 (Vers.
1503 1011 1580 1048 37).
1607 1011 1642 1043 Et
1666 1011 1741 1054 quia
1764 1012 1821 1044 lioc
1846 1021 1994 1053 magnum
2020 1016 2050 1044 et
2075 1013 2171 1045 inusi-

1208 1067 1307 1096 tatum
1325 1067 1407 1102 erat,
1432 1073 1493 1096 non
1511 1064 1684 1103 silendum,
1709 1064 1763 1097 sed
1780 1073 1851 1097 cum
1870 1065 2045 1097 reverentia
2069 1065 2171 1097 ‹livul-

1207 1117 1344 1159 gandum
1361 1121 1445 1156 erat;
1475 1118 1543 1151 ideo
1571 1118 1730 1159 sequitur:
1756 1119 1795 1150 Et
1817 1117 2058 1160 divulgabatur
2072 1117 2170 1160 fama

1207 1170 1245 1203 de
1268 1170 1323 1203 illo
1347 1171 1382 1203 in
1407 1180 1536 1203 omnem
1561 1171 1666 1203 locum
1693 1171 1847 1213 remonis.
1874 1171 1921 1203 Sic
1945 1171 1983 1203 de
2008 1172 2170 1204 Salomone

1206 1223 1322 1256 dicitur
1347 1224 1551 1256 Ecclesiastici
1569 1224 1810 1266 quadragesimo
1827 1225 1959 1266 septimo
1974 1225 2013 1256 ¹⁰:
2037 1238 2051 1252 a
2065 1225 2106 1256 Ad
2124 1225 2169 1257 in-

1206 1277 1292 1310 sulas
1316 1277 1406 1319 longe
1429 1277 1626 1319 divulgatum
1652 1281 1698 1310 est
1723 1286 1835 1310 nomen
1861 1281 1950 1310 tuum
1969 1291 2002 1316 »;
2029 1278 2086 1310 hoc
2120 1287 2170 1310 ra-

1206 1330 1290 1362 tione
1314 1330 1484 1371 sapientiae
1508 1333 1564 1362 est.
1594 1331 1655 1362 Hoc
1680 1330 1926 1372 praefiguratum
1956 1330 2014 1363 suit
2047 1331 2076 1362 in
2110 1331 2169 1363 Da-

1206 1382 1272 1422 vid,
1297 1382 1390 1425 primi
1416 1382 1670 1423 Paralipomenon
1694 1383 1815 1415 decimo
1832 1387 1963 1425 quarto:
1991 1396 2005 1410 «
2024 1383 2169 1425 Divulga-

1205 1439 1273 1468 tum
1302 1439 1349 1468 est
1382 1444 1495 1468 nomen
1526 1435 1624 1467 David
1657 1435 1685 1467 in
1719 1435 1876 1468 universis
1908 1436 2106 1477 regionibus,
2139 1440 2169 1468 et

1205 1489 1357 1521 Dominus
1373 1488 1458 1521 dedit
1474 1497 1622 1530 pavorem
1647 1497 1744 1530 super
1765 1497 1873 1521 omnes
1890 1489 2032 1521 inimicos
2056 1489 2124 1521 eius
2138 1501 2167 1527 »3

1204 1542 1348 1575 similiter
1364 1541 1493 1575 secundi
1511 1542 1766 1583 Paralipomenon
1792 1542 1940 1584 vigesimo
1961 1546 2065 1574 sexto:
2089 1555 2103 1570 α
2122 1542 2170 1574 Di-

1205 1596 1368 1638 vulgatum
1386 1599 1433 1628 est
1450 1604 1564 1628 nomen
1586 1595 1654 1628 eius
1672 1604 1773 1637 usque
1797 1595 1835 1627 ad
1860 1595 2024 1628 introitum
2042 1596 2168 1637 Aegypti

1205 1652 1335 1691 propter
1358 1649 1487 1682 crebras
1504 1649 1651 1681 victorias
1668 1662 1698 1680 ».
1714 1667 1755 1672 —
1769 1649 1859 1687 Nota,
1885 1649 1967 1691 quod
1993 1649 2052 1681 suit
2068 1649 2170 1681 divul-

1204 1705 1311 1745 gatum
1337 1711 1450 1735 nomen
1475 1702 1573 1734 David
1602 1702 1723 1734 ratione
1748 1702 1914 1739 iustitiae;
1946 1711 2059 1734 nomen
2084 1703 2168 1734 Salo-

1204 1756 1321 1794 monis,
1339 1756 1459 1788 ratione
1475 1756 1671 1798 sapientiam
1690 1764 1802 1788 nomen
1820 1764 1895 1788 vero
1909 1756 2118 1788 Romanorum
2133 1758 2168 1794 1¹,

1204 1810 1325 1842 ratione
1338 1809 1519 1851 potentiam
1536 1818 1648 1841 nomen
1666 1809 1797 1847 Christi,
1816 1809 1935 1841 ratione
1952 1809 2053 1842 omnis
2069 1809 2168 1842 excel-

1204 1862 1321 1895 lentiae
1344 1866 1375 1895 et
1398 1862 1557 1904 dignitatis
1582 1862 1630 1894 vel
1654 1862 1948 1903 supereminentiae.
2007 1863 2017 1865 ‘

1293 1917 1345 1948 79.
1376 1915 1524 1957 Suryens
1554 1915 1648 1947 Iesus
1683 1915 1722 1947 de
1751 1924 1935 1957 synayoya.
1970 1915 2039 1947 Post
2075 1916 2168 1947 mira-

1203 1969 1341 2002 culosam
1374 1969 1568 2001 curationem
1608 1977 1706 2001 sexus
1745 1967 1844 2003 ¹virilis
1879 1977 1897 2000 a
1935 1967 2085 2001 daemone
2121 1978 2168 2001 se-

1202 2023 1313 2065 quitur
1348 2022 1399 2055 hic
1435 2022 1623 2055 miraculosa
1653 2021 1774 2054 curatio
1806 2031 1906 2053 sexus
1936 2021 2109 2054 muliebris
2144 2032 2166 2054 α

1201 2075 1311 2119 febre,·
1335 2084 1416 2118 quae
1448 2075 1488 2108 ab
1512 2075 1706 2117 Evangelista
1736 2074 1926 2107 describitur
1958 2075 2015 2107 hoc
2044 2075 2163 2108 ordine.

1202 2129 1305 2161 Primo
1329 2132 1457 2161 notatur
1482 2128 1581 2170 ipsius
1604 2127 1860 2171 febricitationis
1895 2128 2164 2165 incommodum,-

1202 2181 1340 2215 secundo
1366 2191 1454 2221 vero,
1473 2182 1715 2214 intercessionis
1739 2181 1966 2217 adiutorium,-
1988 2182 2094 2220 tertio,
2111 2192 2165 2214 eu·

1201 2235 1346 2268 rationis
1369 2235 1576 2272 remedium;
1608 2239 1736 2276 quarto,
1762 2233 1929 2277 perfectae
1961 2234 2164 2267 liberationis

1201 2288 1374 2321 indicium.
1400 2288 1478 2320 Haec
1503 2287 1586 2320 enim
1611 2291 1748 2329 quatuor
1772 2292 2003 2320 concurrerunt
2035 2288 2072 2320 ad
2106 2289 2162 2320 hoc

1200 2341 1391 2374 miraculum
1414 2340 1642 2373 ostendendum
1658 2341 1692 2372 ¹².

1290 2396 1342 2427 80.
1368 2394 1469 2435 (Vers.
1496 2393 1573 2431 38).
1590 2394 1748 2435 Quantum
1774 2394 1870 2435 igitur
1891 2394 1928 2426 ad
1950 2392 2163 2435 febricitatio—

1199 2448 1253 2481 m's
1277 2447 1538 2485 incommodum,
1556 2447 1640 2489 quod
1664 2447 1869 2489 compellebat
1886 2456 2011 2480 socrum
2030 2447 2163 2480 Simonis

1200 2502 1302 2537 iacere
1327 2501 1358 2534 in
1390 2500 1497 2539 domo,
1529 2500 1666 2533 dicitur:
1693 2501 1842 2543 Suryens
1866 2505 1976 2533 autem
2009 2501 2101 2533 Iesus
2125 2501 2179 2533 de.

1201 2695 1236 2722 ris
1255 2695 1321 2721 meis
1334 2705 1360 2721 n.
1379 2694 1430 2721 Csr.
1451 2694 1528 2720 Sacra
1547 2693 1628 2719 Biblia
1658 2694 1791 2719 variarum
1813 2693 2009 2718 translationum
2030 2697 2078 2719 etc.
2099 2694 2160 2726 (Ve-

1201 2744 1252 2767 uet.
1273 2740 1366 2773 ⁴747),
1387 2740 1412 2766 in
1431 2747 1483 2773 qua
1505 2739 1546 2765 lV.
1566 2740 1632 2771 Reg.
1651 2739 1699 2770 20,
1724 2739 1762 2764 13.
1782 2746 1812 2764 ex
1833 2738 2020 2770 Septuaginta:
2041 2739 2094 2763 Non
2116 2739 2161 2764 suit

1200 2784 1327 2816 verbum,
1356 2784 1430 2817 quod
1449 2791 1501 2810 non
1519 2783 1662 2809 ostenderit
1680 2783 1718 2809 eis
1737 2783 1859 2809 Ezechias
1879 2783 1904 2808 in
1925 2783 2005 2808 domo
2025 2789 2071 2808 sua
2092 2787 2115 2808 et
2134 2783 2160 2808 in

1200 2829 1271 2855 010111
1291 2832 1419 2861 potestate
1437 2836 1494 2855 sua.

1271 2872 1282 2887 ⁹
1302 2874 1413 2906 Vulgata
1436 2867 1512 2900 'addit
1531 2875 1555 2900 el
1573 2874 1681 2899 eoeeunt.
1701 2887 1736 2892 —
1756 2873 1907 2905 Sequuntur
1935 2871 1979 2898 lob
2009 2872 2057 2903 25,
2086 2873 2110 2897 2.
2136 2876 2160 2897 et

1199 2918 1277 2944 ludae
1297 2926 1324 2944 v.
1343 2919 1367 2944 9.

1271 2961 1293 2977 ¹⁰
1312 2964 1386 2989 Vers.
1408 2962 1449 2988 ¹l7.
1465 2977 1498 2980 —
1512 2961 1628 2988 Subinde
1648 2962 1793 2993 allegantur
1813 2961 1828 2986 1.
1849 2960 1959 2992 Paralip.
1978 2960 2020 2991 14,
2040 2960 2076 2985 Π.
2091 2964 2116 2986 01
2130 2961 2156 2986 ll.

1198 3008 1309 3040 paralip.
1328 3008 1375 3037 26,
1397 3008 1427 3038 8,
1455 3006 1500 3032 ubi
1519 3006 1583 3031 illud
1602 3006 1697 3031 dicitur
1716 3005 1750 3030 de
1771 3004 1846 3031 Ozia.
1866 3018 1901 3023 —
1922 3004 2028 3030 inferius
2047 3011 2069 3029 e·
2081 3005 2158 3030 codd.

1197 3052 1381 3085 supplevimus
1409 3051 1458 3078 hoc
1485 3049 1590 3077 ratione
1617 3049 1763 3083 sapientiae
1791 3051 1837 3076 est.
1864 3049 1920 3075 Hoc
1935 3048 2158 3082 praefiguratum

1198 3097 1229 3130 [Β
1257 3096 1302 3124 Sic
1327 3094 1510 3130 divulgatum]
1538 3093 1598 3128 salt.
1628 3094 1687 3119 Post
1712 3093 1739 3119 in
1759 3092 1847 3120 David
1866 3094 1884 3118 B
1904 3093 1978 3119 addit
1996 3093 2102 3120 retribue
2120 3093 2158 3118 iu-

1197 3140 1292 3167 stitiae.

1269 3185 1289 3200 ¹¹
1311 3185 1368 3211 Vat.
1390 3184 1471 3211 Oziae
1485 3184 1541 3216 (cfr.
1561 3186 1620 3209 nota
1640 3182 1820 3215 praecedens).
1841 3182 1860 3207 B
1879 3182 1957 3213 legit:
1977 3188 2073 3208 novient
2094 3188 2156 3207 vero

1196 3229 1303 3257 Mariae
1330 3227 1436 3256 ratione
1455 3227 1605 3262 potentiae,
1633 3234 1719 3261 supra
1745 3226 1838 3260 primo
1858 3225 1896 3260 [e.
1916 3224 1964 3253 48.
1984 3225 2071 3260 seq.]:
2091 3226 2157 3252 Ecce

1197 3274 1277 3307 enim,
1293 3281 1328 3301 ex
1341 3273 1391 3300 1100
1410 3272 1513 3299 beatam
1533 3279 1575 3298 me
1594 3271 1682 3299 dicent
1700 3278 1791 3298 omnes
1811 3270 2018 3304 90110101101108,
2038 3270 2101 3304 quia
2120 3270 2158 3303 se-

1197 3318 1232 3346 cit
1250 3317 1318 3345 mihi
1334 3321 1383 3344 etc.
1402 3317 1484 3343 Etiam
1503 3317 1522 3342 F
1541 3315 1673 3342 substituit
1692 3315 1805 3342 Mariae.

1268 3360 1290 3376 ¹⁹
1310 3363 1344 3388 lta
1364 3362 1403 3393 D3
1423 3361 1474 3387 ΑΗ
1495 3360 1582 3394 (bene)
1603 3359 1836 3395 confirm-andum,
1850 3360 1868 3385 F
1882 3357 2123 3390 considerandum,
2137 3357 2156 3384 C

1196 3410 1223 3433 et
1241 3407 1298 3432 Vat.
1319 3404 1575 3433 consummandum.

2192 754 2321 776 Notandum.

2191 1021 2319 1048 Divulgatio.

2189 1659 2318 1681 Notandum.

2188 1926 2274 1947 Curatio
2289 1932 2333 1947 mu-

2201 1953 2260 1974 lieris
2277 1959 2288 1974 a
2304 1954 2333 1974 [ο-

2201 1981 2246 2004 bre.
2256 1980 2282 2001 de
2291 1986 2341 2006 qua.

2201 2009 2332 2033 quatuorno-

2199 2036 2277 2054 tantur.

2183 2404 2284 2428 Primum.
