2476 3921
6 610 94 635 {Sensus
108 607 150 635 spi-

6 636 7 653 l
39 634 126 657 ritualia.

6 864 84 896 *Beatus
91 872 156 894 Fran-

5 889 8 929 Ι
40 900 114 921 cistas.

5 936 6 944 η

4 1129 5 1167 i
23 1138 52 1160 oe
63 1137 149 1169 pumm-

10 1167 48 1186 tato
62 1170 83 1186 ln
99 1170 146 1185 con-

4 1191 68 1215 wicta.

2 1617 9 1635 l*
20 1615 147 1638 Notandum.

1 2198 3 2220 ἰ
10 2200 109 2223 Pei-tectio
116 2201 155 2222 hu-

1 2223 3 2247 l
9 2237 10 2247 l
16 2228 107 2249 militatis
114 2229 153 2253 est.

9 2254 65 2276 *nulli
77 2259 123 2276 esse
133 2260 155 2276 o·

1 2282 119 2303 &nei-osum.

757 239 949 272 COMMENT.
979 239 1014 272 ΞΝ
1037 238 1276 271 EVANGELIUM
1301 239 1418 272 LUCAE
1442 240 1474 272 C.
1500 240 1546 272 IX.

168 330 378 363 necessarium
400 333 447 363 est
469 329 562 362 alicui
587 329 760 362 secundum
784 329 966 370 qualitatem
994 327 1051 360 loci
1078 327 1126 360 vel

170 383 335 425 temporis;
370 382 508 426 duplex,
540 382 624 424 quod
655 386 702 414 est
737 382 822 414 ultra
857 381 1072 414 necessitatem
1095 392 1126 420 »ς

168 440 198 469 et
222 437 281 469 hoc
305 436 503 469 manifestum
528 439 576 468 est
600 436 630 468 in
655 435 722 477 ipso
746 435 892 474 Domino,
917 434 970 476 qui
1001 437 1126 476 praeter

169 490 305 523 tunicam
337 489 556 523 inconsutilem
581 488 692 521 habuit
722 489 783 521 alia
814 488 1016 526 vestimenta,
1046 496 1127 529 quae

167 544 297 577 fuerunt
319 542 432 581 divisa,
449 546 485 575 ut
500 542 615 575 dicitur
631 541 753 574 Ioannis
768 541 888 574 decimo
905 550 997 574 nono.
1014 560 1058 564 —-
1074 541 1126 573 Se-

167 596 305 630 cundum
323 595 537 637 spiritualem
560 598 666 628 autem
683 595 918 637 intelligentiam
940 594 1127 636 prohibetur

167 649 332 691 duplicitas
348 641 557 681 simulationis
572 651 603 680 et
626 647 818 690 hypocrisis,
836 656 875 681 ne
898 647 989 680 aliam
1007 650 1125 680 vestem

168 701 303 735 habeant
325 701 355 733 in
388 700 511 733 occulto
542 704 573 733 et
603 700 695 732 aliam
720 699 751 732 in
779 704 905 742 aperto,
931 708 970 732 ne
994 699 1056 732 sint
1088 699 1127 732 de

167 754 242 793 illis,
258 754 296 787 de
312 753 429 796 quibus
452 753 567 786 dicitur
591 753 736 786 Matthaei
761 753 893 795 septimo
907 755 931 785 1;
961 766 976 781 α
990 753 1127 786 Veniunt

166 808 205 841 ad
231 817 284 841 vos
307 807 339 840 in
363 807 557 840 vestimentis
579 806 701 846 ovium,
718 807 907 840 intrinsecus
931 809 1035 839 autem
1053 809 1128 839 sunt

167 860 232 903 lupi
257 869 386 902 rapaces
402 873 432 892 υ.
458 860 518 892 Hoc
542 859 685 892 similiter
708 859 867 892 declinans
891 859 1002 892 beatus
1033 859 1127 891 Fran-

167 913 287 953 ciscus,
311 922 382 946 cum
407 913 634 952 infirmaretur,
665 913 767 945 noluit
790 912 926 945 frustum
960 912 1048 954 pellis
1072 921 1127 954 po-

166 976 242 1000 nere
265 967 454 1000 intrinsecus
484 970 556 999 ante
586 969 711 1008 pectus,
744 966 800 998 nisi
834 966 927 998 etiam
956 969 1128 1007 apponeret

166 1021 309 1054 exterius
322 1020 343 1052 ².

255 1075 285 1106 8.
311 1073 412 1114 (Vers.
437 1073 492 1115 4.).
518 1073 624 1106 Tertio
655 1081 730 1106 vero
753 1075 908 1114 quantum
932 1072 970 1105 ad
994 1070 1128 1105 humili-

166 1131 264 1160 tatem
298 1127 334 1159 iu
357 1127 508 1159 convictu
542 1126 721 1168 subiungit:
748 1127 787 1158 Et
821 1125 857 1158 iu
884 1134 1129 1169 quamcumque

166 1180 302 1213 domum
334 1179 558 1218 intraveritis,
591 1179 638 1211 ibi
667 1182 812 1217 manete,
844 1178 980 1211 contenti
1011 1178 1129 1211 scilicet

167 1234 339 1267 existentes
361 1233 414 1266 illo
438 1233 589 1275 hospitio;
615 1236 644 1264 et
667 1232 742 1264 inde
764 1242 804 1264 ne
831 1232 972 1271 exeatis,
998 1235 1127 1274 propter

166 1287 278 1320 melius
302 1286 546 1329 requirendum,
571 1286 660 1328 quia,
684 1286 766 1318 sicut
789 1285 905 1318 dicitur
923 1286 1127 1319 Ecclesiastici

165 1340 315 1383 vigesimo
339 1349 420 1372 nono
433 1339 457 1378 ³,
486 1352 501 1368 «
519 1339 582 1372 vita
606 1348 740 1381 nequam
765 1339 941 1381 hospitandi
973 1339 1011 1372 de
1034 1340 1128 1372 domo

166 1394 197 1426 in
221 1393 349 1426 domum
367 1406 397 1425 n.
422 1392 551 1425 Mutatio
575 1401 711 1434 namque
735 1393 862 1435 hospitii
879 1396 1046 1426 attestatur
1070 1394 1128 1426 im-

165 1446 346 1488 patientiae,
378 1455 459 1488 quae
483 1455 541 1488 pro
571 1445 693 1478 modica
715 1454 810 1478 causa
834 1449 979 1479 movetur
1003 1451 1034 1480 et
1065 1457 1128 1480 nou

165 1502 267 1543 potest
301 1499 484 1542 quiescere,
520 1499 694 1532 secundum
718 1499 796 1531 illud
833 1499 980 1533 ieremiae
1007 1500 1128 1534 decimo

166 1556 294 1596 quarto:
324 1565 339 1581 «
357 1552 493 1594 Populus
516 1552 575 1585 iste
597 1552 709 1585 dilexit
739 1561 866 1586 movere
890 1553 984 1595 pedes
1012 1556 1043 1586 et
1066 1564 1127 1587 non

166 1606 286 1649 quievit
308 1609 339 1639 et
361 1605 493 1638 Domino
512 1615 574 1638 non
598 1605 761 1648 placuit».
789 1624 828 1628 —
855 1606 890 1638 Et
906 1606 966 1639 hoc
990 1606 1128 1640 maxime

167 1659 330 1693 vitandum
360 1662 408 1693 est
437 1668 456 1691 a
479 1658 707 1701 praedicatore,
732 1659 825 1701 quia,
849 1660 1022 1693 secundum
1047 1660 1125 1693 illud

167 1713 409 1746 Proverbiorum
434 1713 554 1745 decimo
570 1722 653 1745 nono
665 1713 693 1751 ⁴²,
722 1726 737 1741 «
752 1713 896 1746 doctrina
916 1714 976 1746 viri
1000 1722 1056 1755 per
1074 1723 1128 1755 pa—

167 1766 306 1800 tientiam
331 1766 529 1809 cognoscitur
542 1779 572 1798 ».
599 1766 633 1798 Et
650 1766 718 1799 ideo
735 1767 931 1800 Ambrosius:
953 1767 1126 1800 «Alienum

160 1823 214 1862 ¹est
240 1829 258 1853 a
284 1820 499 1862 praedicatore
523 1819 678 1853 cursitare
701 1829 758 1862 per
792 1820 901 1854 domos
930 1824 961 1854 et
984 1821 1127 1853 immobi-

167 1873 205 1906 lis
228 1872 354 1915 hospitii
378 1872 449 1905 iura
465 1875 590 1905 mutare
605 1886 636 1905 ι».
658 1873 757 1907 Huius
772 1877 877 1907 autem
903 1874 1127 1907 inconstantiae

167 1929 198 1959 et
221 1925 431 1968 impatientiae
454 1928 554 1958 mater
577 1930 625 1959 est
649 1927 812 1969 superbia,
837 1936 919 1970 quae
943 1936 1016 1960 cum
1040 1927 1127 1960 nullo

167 1982 268 2021 potest
291 1979 323 2011 in
345 1987 421 2021 pace
437 1978 632 2017 cohabitare,
650 1980 823 2013 secundum
841 1980 919 2014 illud
945 1980 1127 2013 proverbio-

167 2038 239 2065 rum
262 2031 384 2065 decimo
408 2032 543 2065 terti0⁵:
575 2046 590 2062 (ι
607 2033 689 2066 Inter
706 2034 860 2076 superbos
883 2043 1008 2076 semper
1025 2033 1127 2075 iurgia

167 2089 241 2119 sunt
256 2098 271 2115 ³)
281 2111 287 2117 .

256 2139 286 2171 9.
311 2139 413 2179 (Vers.
439 2141 494 2181 5.).
520 2140 555 2172 Et
578 2140 728 2183 quoniam
753 2148 845 2174 verae
871 2139 1056 2173 humilitatis
1079 2143 1126 2172 est

165 2193 284 2226 nullius
307 2193 486 2227 societatem
504 2203 666 2234 recusare,
690 2203 748 2227 nec
771 2194 864 2227 etiam
882 2193 933 2226 alii
956 2201 1125 2226 onerosum

166 2254 251 2285 esse;
277 2245 346 2279 ideo
369 2246 408 2279 ad
432 2246 654 2289 perfectionem
678 2246 865 2280 humilitatis
889 2244 1053 2278 subditur:
1088 2245 1126 2277 Et

168 2299 366 2343 quicumque
387 2309 454 2332 uon
477 2300 659 2342 receperint
680 2309 756 2338 vos,
780 2298 978 2341 despiciendo
1009 2298 1126 2330 scilicet

167 2524 313 2557 rigentibus
332 2531 383 2550 una
403 2525 463 2558 quis
481 2524 567 2550 tunica
581 2523 676 2550 debeat
693 2530 751 2549 esse
770 2525 920 2554 contentus,
940 2523 986 2549 scd
1006 2523 1077 2556 quod
1099 2524 1124 2549 in

167 2570 254 2596 tunica
272 2569 457 2596 vestimentum
472 2569 658 2601 intelligamus,
677 2574 710 2593 ne
723 2568 772 2593 alio
792 2568 891 2599 vestiti,
905 2568 975 2594 aliud
995 2568 1073 2594 nobis
1087 2570 1122 2594 l'u·

167 2617 287 2640 turorum
306 2614 400 2640 timore
419 2620 564 2640 servemus.
582 2627 617 2631 -—
636 2612 754 2638 Subinde
773 2612 899 2644 allegatur
925 2613 992 2638 loan.
1014 2613 1062 2645 ⁴9,
1081 2614 1125 2639 23.

167 2671 202 2677 —
221 2658 348 2690 Superius
366 2665 414 2690 pro
440 2659 509 2684 vetat
534 2656 612 2682 codd.
630 2655 711 2689 vitat,
739 2659 764 2681 et
783 2663 832 2688 pro
858 2656 886 2682 in
905 2656 1053 2683 mutatione
1068 2657 1124 2683 Vat.

168 2711 228 2730 cum
248 2704 339 2737 paucis
357 2703 434 2729 codd.
454 2702 481 2728 in
500 2700 654 2728 imitatione.

239 2748 248 2763 ¹
268 2749 342 2774 Vers.
365 2747 406 2773 15.
426 2761 459 2766 —
478 2747 567 2772 Glossa
586 2745 728 2772 ordinaria
749 2746 774 2772 in
794 2747 966 2778 praecedente
991 2751 1049 2773 nota
1070 2748 1126 2773 alle-

168 2797 241 2826 gata:
261 2792 405 2824 Allegorice
424 2791 448 2816 in
468 2789 572 2816 duabus
591 2790 684 2816 tunicis
702 2791 881 2823 duplicitatem
902 2792 1033 2824 prohibet.

238 2835 248 2851 ⁵¹
268 2837 383 2862 Thomas
402 2835 435 2861 de
462 2833 569 2866 steiano,
597 2834 655 2859 Vita
679 2835 793 2861 secunda
822 2836 848 2861 S.
867 2836 1009 2867 Francisci,
1035 2844 1056 2862 c.
1077 2837 1125 2862 70:

168 2880 214 2907 Cui
234 2879 412 2914 [fiunt-diano,
431 2878 475 2911 qui
496 2878 520 2904 S.
535 2878 671 2904 Francisco
687 2879 787 2905 corium
811 2881 949 2912 vulpinum
970 2888 1127 2912 procurave-

168 2924 217 2959 rat]
237 2924 329 2950 beatus
347 2923 513 2949 Franciscus:
533 2924 559 2949 Si
579 2923 633 2954 vis,
653 2927 681 2950 ut
699 2924 749 2950 sub
775 2925 860 2950 tunica
880 2926 964 2957 patiar
983 2926 1067 2957 istud,
1087 2927 1127 2951 rac

168 2969 232 2995 mihi
250 2968 369 2994 eiusdem
389 2975 527 2994 mensurae
552 2968 647 3000 petiam
673 2969 786 2995 exterius
811 2970 951 3002 applicari,
974 2977 1043 3003 quae
1067 2977 1126 2996 con-

168 3016 225 3040 suta
244 3013 278 3039 de
297 3013 358 3038 l'oris
376 3012 472 3038 indicet
491 3012 642 3039 hominibus
661 3014 753 3045 pellem
774 3014 842 3040 intus
860 3014 1049 3041 absconditam.

239 3055 250 3070 ⁸
270 3057 342 3082 Vers.
363 3057 405 3082 31.
425 3071 460 3075 -
479 3057 601 3090 Sequitur
626 3058 672 3083 ier.
699 3057 746 3089 lt,
768 3058 809 3083 10.
828 3072 864 3078 -
883 3059 992 3084 interius
1016 3058 1128 3084 vocibus

169 3100 282 3129 Mutatio
300 3100 407 3135 hospitii
425 3102 444 3127 B
462 3101 605 3133 praemittit
624 3101 698 3128 Ratio
717 3104 808 3128 autem
827 3102 907 3129 huius
927 3104 980 3135 est,
1000 3102 1072 3136 quia.

239 3144 250 3160 ¹
269 3145 343 3175 Vers.
371 3145 412 3171 ll.
437 3159 472 3165 —
496 3147 626 3172 Sententia
655 3146 786 3173 Ambrosii
811 3146 922 3173 habetur
950 3148 992 3173 Vl.
1016 3147 1041 3173 in
1065 3148 1128 3173 Luc.

169 3197 195 3215 n.
215 3189 256 3214 66.
275 3202 311 3208 -
329 3189 456 3221 Superius
474 3196 523 3221 pro
542 3189 683 3216 vitandum
707 3192 747 3216 est
772 3197 790 3216 a
805 3190 995 3224 praedicatore
1013 3190 1032 3217 C
1043 3191 1095 3217 DG
1106 3192 1127 3216 H

172 3232 310 3260 vitandum
328 3234 369 3259 est
386 3233 413 3259 in
431 3233 625 3267 praedicatore.

240 3275 252 3291 ⁶
269 3277 345 3303 vers.
364 3278 406 3303 lo.
417 3291 453 3297 —
466 3277 529 3304 Cod.
551 3279 570 3304 B
588 3285 636 3311 pro
650 3279 698 3304 hac
712 3279 892 3311 propositione
907 3279 991 3306 Huius
1010 3281 1128 3315 autema.

171 3321 262 3356 iurata
280 3323 343 3348 suut
366 3322 512 3349 substituit:
532 3323 567 3350 Et
582 3323 621 3350 sic
640 3325 757 3357 quatuor
776 3323 852 3350 mala
871 3331 906 3350 ea·
925 3323 974 3351 hoc
992 3331 1128 3351 removen-

171 3369 224 3399 tur,
246 3365 345 3393 scilicet
363 3366 558 3400 inconstantia,
577 3367 758 3401 impatientia,
776 3368 907 3402 superbia
924 3370 949 3395 et
965 3368 1129 3402 hospitalita-

171 3411 204 3439 tis
223 3410 334 3438 iniuria.

2089 244 2152 276 ⁶219

1192 330 1328 359 vestram
1343 328 1533 367 doctrinam,
1558 329 1639 362 sicut
1657 330 1698 361 illi
1717 330 1770 372 qui
1789 330 1880 363 etiam
1907 331 2074 364 Dominum
2093 341 2153 364 non

1191 384 1398 423 receperunt;
1424 382 1545 414 loannis
1569 383 1714 424 prim0⁸:
1745 396 1759 411 α
1783 384 1813 415 ln
1840 385 1967 426 propria
1991 385 2092 424 venit,
2124 389 2155 418 et

1191 434 1238 466 sui
1257 443 1329 467 eum
1346 444 1408 467 non
1426 439 1657 477 receperunt».
1672 455 1714 460 —
1729 437 1764 469 Et
1779 437 1852 479 quia
1871 438 1928 470 hoc
1945 441 1993 470 est
2006 447 2153 480 magnum

1189 486 1358 526 delictum,
1383 487 1433 520 cui
1451 497 1512 520 non
1537 491 1584 520 est
1608 490 1922 528 communicandum;
1941 491 2009 523 ideo
2033 491 2153 524 subdit:

1193 539 1355 572 Eaeeuutes
1378 540 1417 572 (Ie
1441 540 1572 573 civitate
1595 541 1669 580 itta,
1695 541 1878 574 declinando
1902 543 2019 576 scilicet
2043 552 2153 576 eorum

1191 593 1378 634 nequitiam,
1403 594 1494 626 iuxta
1526 594 1603 627 illud
1626 595 1837 627 Numerorum
1871 596 1990 629 decimo
2019 598 2153 630 sexto⁷:

1196 659 1211 674 «
1230 646 1372 679 Recedite
1395 656 1413 679 a
1431 647 1641 680 tabernaculis
1665 648 1828 680 hominum
1850 649 2019 690 impiorum
2046 654 2076 682 et
2102 660 2154 683 no-

1191 699 1245 732 lite
1268 703 1397 742 tangere
1420 710 1501 743 quae
1526 710 1636 733 eorum
1661 704 1735 734 sunt
1750 728 1757 740 ‚
1782 711 1820 734 ne
1850 702 2048 735 involvamini
2081 712 2153 736 cum

1190 753 1236 785 eis
1253 765 1287 792 n;
1312 753 1407 786 Isaiae
1430 754 1692 796 quinquagesimo
1717 755 1871 788 secundo:
1901 769 1916 783 «ι
1947 756 2088 789 Recedite
2116 757 2154 791 de

1191 806 1294 838 medio
1310 815 1436 845 eorum,
1460 807 1555 839 nolite
1572 807 1726 849 pollutum
1753 811 1880 850 tangere
1897 820 1930 847 »ς
1952 812 1983 841 et
2007 809 2154 842 ieremiae

1191 858 1433 901 quadragesimo
1458 863 1582 892 octavo:
1617 861 1820 903 «Relinquite
1844 853 1984 894 civitates
2011 866 2042 894 et
2068 863 2154 895 habi-

1192 915 1254 944 tate
1282 912 1313 944 in
1337 915 1427 954 petra
1444 926 1473 944 n.
1491 932 1536 937 —
1558 913 1592 946 Et
1617 914 1690 952 hoc,
1715 923 1754 947 ne
1779 914 1984 956 inquinentur
2008 915 2155 948 sordibus

1191 964 1320 1003 alienis;
1349 969 1479 1008 propter
1514 967 1598 1009 quod
1622 967 1727 999 addit:
1756 968 1794 999 Et
1810 967 1822 986 ⁸
1843 967 2011 1009 pulverem
2032 969 2155 1010 pedum

1191 1022 1379 1051 vestrorum
1402 1020 1541 1052 eaecutite
1564 1020 1600 1052 in
1625 1021 1847 1053 testimonium
1871 1031 1971 1063 super
1995 1021 2086 1061 illos,
2117 1023 2155 1055 ad

1191 1072 1418 1105 ostendendum
1443 1073 1561 1106 scilicet
1585 1077 1720 1107 vestram
1746 1074 1963 1107 innocentiam.
1990 1075 2051 1108 Hoc
2074 1076 2154 1109 sece-

1193 1129 1269 1158 runt
1291 1126 1447 1159 Barnabas
1471 1130 1502 1159 et
1527 1127 1659 1166 Paulus,
1683 1128 1721 1161 de
1745 1128 1861 1170 quibus
1878 1129 2009 1161 Actuum
2034 1129 2155 1162 decimo

1193 1179 1285 1212 tertio
1308 1179 1441 1219 dicitur,
1474 1180 1558 1222 quod
1588 1194 1603 1209 «
1619 1189 1755 1213 excusso
1780 1181 1909 1222 pulvere
1941 1181 2056 1223 pedum
2081 1192 2154 1215 suo-

1193 1242 1264 1265 rum
1279 1259 1287 1272 ,
1312 1237 1467 1266 venerunt
1496 1234 1632 1266 iconium
1651 1248 1680 1266 υ.
1709 1234 1881 1266 Pulcerem
1909 1238 2015 1267 autem
2040 1235 2079 1268 de
2101 1246 2154 1278 pe—

1192 1285 1291 1318 dibus
1313 1290 1463 1319 excutere
1490 1290 1537 1320 est
1566 1287 1642 1319 nihil
1678 1287 1716 1320 de
1749 1296 1828 1320 vana
1860 1288 2022 1320 hominum
2054 1289 2154 1331 gloria

1193 1339 1376 1380 permittere
1400 1340 1466 1372 suis
1489 1340 1652 1372 affectibus
1672 1339 1853 1372 adhaerere.
1881 1340 1964 1372 Vana
1987 1341 2069 1373 enim
2088 1342 2153 1384 glo·
2174 1348 2304 1371 Notandum.

1193 1392 1240 1424 ria
1264 1396 1349 1425 recte
1365 1401 1421 1434 per
1441 1393 1611 1435 pulverem
1626 1393 1818 1435 designatur,
1836 1402 1917 1435 quae
1938 1394 2080 1427 elevatur
2098 1405 2153 1437 per

1194 1449 1340 1484 ventum,
1372 1446 1545 1478 secundum
1579 1446 1656 1478 illud
1688 1446 1842 1478 Psalmi⁹:
1873 1459 1887 1475 α
1914 1447 1979 1479 Erit
2003 1449 2153 1490 tanquam

1193 1498 1310 1540 pulvis,
1335 1507 1429 1540 quem
1454 1498 1579 1540 proiicit
1603 1502 1715 1531 ventus
1738 1508 1757 1530 a
1780 1499 1857 1531 facie
1882 1503 1985 1533 terrae
2002 1513 2031 1532 n.

1285 1552 1334 1585 10.
1360 1551 1461 1592 (Vers.
1489 1552 1542 1591 6.).
1570 1552 1704 1594 Eyressi
1734 1555 1843 1584 autem
1873 1552 2063 1586 circuibant
2092 1558 2150 1588 etc.
2172 1561 2308 1592 Ctifitasad-

1192 1605 1263 1637 Post
1285 1605 1505 1637 auctoritatem
1536 1605 1734 1637 commissam
1767 1609 1798 1637 et
1828 1605 2023 1639 honestatem
2050 1608 2153 1641 iniun-
2169 1591 2310 1642 αἶῗεῗτῗρῗὲἷ-

1192 1662 1274 1691 ctam
1298 1657 1461 1699 subiungit
1484 1657 1535 1690 hic
1559 1658 1652 1690 tertio
1677 1658 1871 1700 Evangelista
1895 1659 2069 1693 utilitatem
2095 1663 2155 1695 ad-

1192 1712 1350 1745 iuuctam.
1383 1711 1590 1753 Quadruplex
1620 1714 1726 1744 autem
1758 1712 1877 1745 utilitas
1908 1714 2086 1748 ostenditur
2116 1717 2155 1749 ad

1192 1765 1452 1808 praedicationem
1477 1765 1694 1807 Apostolorum
1719 1765 1903 1806 subsecuta,
1928 1768 2046 1801 scilicet
2069 1770 2155 1803 exci-

1191 1819 1267 1852 tatio
1298 1817 1471 1851 ltominum
1502 1818 1548 1851 ad
1578 1818 1804 1858 audiendum,
1837 1821 1986 1854 excitatio
2015 1823 2155 1856 audieu-

1191 1872 1275 1905 tium
1300 1872 1346 1904 ad
1376 1870 1629 1914 conferendum,
1661 1872 1811 1906 excitatio
1838 1873 2078 1917 conferentiam
2110 1878 2156 1910 ad

1191 1925 1453 1975 admirandum,
1485 1924 1634 1958 excitatio
1666 1926 1915 1960 admirantium
1946 1929 1993 1961 ad
2027 1931 2156 1973 conspi-

1191 1978 1353 2011 ciendum.
1737 2001 1739 2005 ,

1280 2031 1383 2064 Primo
1406 2041 1482 2074 ergo
1505 2036 1659 2075 quantum
1677 2033 1716 2066 ad
1739 2034 1968 2068 excitationem
1982 2035 2153 2070 homiuum
2170 2042 2312 2073 Prim³,e¹ei-

1190 2084 1237 2117 ad
1259 2084 1467 2117 audiendum
1489 2084 1628 2118 dicitur:
1664 2087 1799 2129 Eyressi
1821 2092 1935 2121 autem
1967 2089 2156 2123 circuibant
2209 2072 2269 2090 ‘³²¹⁰'

1187 2148 1249 2180 per
1273 2137 1422 2177 castella,
1439 2138 1706 2181 evangelizante-s*
1729 2144 1759 2173 et
1775 2146 1932 2174 curantes
1955 2142 2091 2186 ubique,
2109 2143 2152 2176 ita

1190 2194 1227 2224 ut
1251 2191 1312 2224 iam
1336 2191 1489 2234 inciperet
1513 2192 1634 2234 impleri
1653 2193 1730 2226 illud
1755 2194 1865 2227 Psalmi
1881 2195 1924 2228 ¹⁰:
1949 2209 1964 2224 α
1980 2196 2012 2228 In
2029 2206 2152 2230 omnem

1191 2248 1309 2278 terram
1333 2245 1434 2278 exivit
1456 2254 1553 2279 sonus
1568 2255 1680 2279 eorum
1697 2261 1727 2279 ι).
1752 2247 1837 2281 Licet
1860 2249 1942 2282 enim
1967 2259 2030 2282 non
2046 2259 2154 2283 omnes

1190 2297 1365 2331 doctrinam
1388 2307 1499 2332 eorum
1524 2303 1687 2341 caperent,
1713 2304 1815 2334 tamen
1840 2305 1970 2344 propter
2001 2302 2153 2336 miracula

1261 2522 1272 2538 ⁶
1292 2524 1366 2550 Vers.
1389 2524 1430 2550 ti.

1261 2567 1271 2582 ⁷
1293 2569 1368 2595 Vers.
1390 2569 1438 2600 26,
1457 2572 1517 2601 post
1536 2577 1615 2602 quem
1637 2569 1692 2595 lsai.
1713 2570 1761 2600 52,
1785 2567 1823 2594 tt'.
1843 2574 1868 2595 et
1888 2570 1934 2595 ler.
1955 2570 2001 2601 68,
2022 2572 2065 2596 28.

1261 2612 1273 2627 ⁸
1294 2614 1420 2647 Vulgata,
1445 2621 1526 2647 quam
1551 2618 1697 2647 sequuntur
1722 2615 1742 2639 Η
1766 2617 1792 2639 et.
1811 2614 1883 2646 Vat.,
1903 2614 2003 2646 Etiam,
2024 2619 2049 2640 ct
2067 2622 2153 2649 supra

1190 2658 1251 2685 illos
1271 2665 1320 2690 pro
1344 2665 1427 2692 super
1452 2657 1522 2685 illos.
1542 2673 1577 2678 —
1596 2658 1713 2685 Subinde
1736 2659 1864 2690 allegatur
1889 2660 1943 2685 Act.
1976 2660 2019 2691 13,
2040 2661 2088 2692 51,
2109 2660 2153 2686 ubi

1190 2710 1239 2736 pro
1258 2710 1374 2730 suorum
1393 2703 1505 2736 Vulgata
1519 2702 1547 2729 iu
1565 2710 1617 2730 eos.

1261 2746 1273 2761 ⁹
1291 2748 1385 2774 Psalm.
1400 2748 1427 2780 t,
1449 2747 1472 2773 4.
1492 2747 1543 2774 Ct'r.
1558 2748 1676 2779 Hieron.,
1696 2749 1712 2774 l.
1732 2747 1878 2774 Commeat.
1893 2749 1919 2774 in
1938 2749 2027 2774 Matth.
2049 2749 2092 2780 10,
2111 2749 2154 2780 14,

1191 2791 1236 2818 ubi
1255 2792 1322 2818 duas
1344 2792 1529 2824 explicationes
1552 2793 1640 2818 affert:
1660 2793 1748 2818 Pulvis
1772 2793 1902 2818 excutitur
1926 2793 1960 2818 de
1989 2792 2102 2824 pedibus
2127 2794 2154 2818 in

1191 2837 1370 2862 testimonium
1390 2836 1487 2862 laboris
1505 2837 1560 2867 sui,
1584 2837 1656 2869 quod
1678 2837 1787 2868 ingressi
1807 2837 1859 2863 sint
1877 2837 2017 2868 civitatem,
2038 2841 2062 2863 et
2081 2845 2154 2870 prae-

1190 2881 1286 2906 dicatio
1305 2880 1446 2912 apostolica
1465 2880 1498 2906 ad
1518 2880 1575 2906 illos
1594 2888 1678 2913 usque
1698 2881 1857 2916 pervenerit.
1872 2881 1934 2906 Sive
1953 2881 2081 2907 excutitur
2101 2883 2155 2913 pul-

1192 2926 1244 2956 vis,
1264 2928 1292 2951 ut
1312 2925 1373 2950 nihil
1393 2924 1426 2950 ab
1452 2925 1489 2950 eis
1508 2924 1649 2956 recipiant,
1676 2931 1708 2950 ne
1733 2925 1767 2950 ad
1787 2925 1887 2950 virtum
1907 2925 2016 2958 quidem
2037 2933 2153 2952 necessa-

1191 2971 1274 3001 rium,
1293 2971 1339 3003 qui
1359 2969 1529 3002 Evangelium
1549 2969 1696 3001 spreverint
1716 2969 1761 3001 (ita
1786 2970 1864 2995 etiam
1891 2970 2017 3002 August„
2041 2971 2091 3003 Qq.
2114 2970 2152 2995 ¹7.

1191 3014 1217 3039 in
1238 3015 1338 3045 Evang.
1358 3014 1445 3038 Mattli.
1464 3020 1491 3045 q.
1509 3012 1535 3044 7,
1554 3017 1579 3038 et
1598 3013 1681 3045 Beda,
1702 3013 1737 3038 ΙΙΙ.
1759 3013 1785 3038 in
1812 3014 1873 3038 Luc.
1893 3013 1922 3043 9,
1943 3013 1989 3045 5.).
2009 3013 2102 3044 Hilar.‚
2129 3014 2152 3039 in

1192 3059 1278 3084 Matth.
1299 3059 1342 3084 it).
1360 3065 1387 3083 n.
1408 3058 1452 3083 ⁴0:
1476 3067 1489 3080 «ι
1504 3058 1529 3082 ln
1548 3064 1594 3083 eos
1613 3061 1713 3089 autem,
1735 3057 1796 3090 qui,
1822 3057 1909 3083 audita
1935 3058 2053 3083 caelestis
2079 3059 2152 3090 regni

1192 3103 1401 3136 praedicatione,
1420 3102 1604 3134 Apostolorum
1633 3105 1772 3134 praecepta
1801 3102 1962 3134 respuerint,
1981 3109 2090 3134 egressu
2113 3110 2157 3129 eo-

1191 3155 1251 3174 rum
1265 3150 1290 3173 et
1308 3148 1385 3180 signo
1405 3146 1521 3179 pulveris
1539 3146 1573 3171 de
1602 3145 1714 3183 pedibus
1742 3147 1844 3172 excussi
1872 3150 1976 3172 aeterna
2006 3147 2153 3173 maledictio

1191 3192 1354 3225 relinquatur
1367 3201 1392 3217 n.
1411 3190 1534 3216 Ambros.
1568 3190 1610 3216 Vl.
1630 3190 1654 3215 in
1678 3191 1740 3215 Luc.
1760 3190 1785 3215 9.
1805 3198 1831 3216 n.
1847 3191 1895 3216 68:
1915 3191 2091 3217 Excutiendus
2111 3198 2154 3223 pe-

1192 3236 1257 3262 dum
1277 3236 1376 3268 pulvis,
1397 3242 1430 3261 ne
1450 3234 1626 3260 satist-entibus
1652 3234 1778 3266 perfidiae
1803 3235 1896 3260 sterilis
1921 3235 2082 3261 siccitatibus
2101 3240 2154 3261 tan·

1192 3288 1273 3314 quam
1287 3281 1360 3306 humi
1370 3280 1444 3305 arido
1453 3286 1618 3312 arenosoque
1631 3279 1724 3305 mentis
1738 3282 1797 3305 tuae
1811 3279 1951 3312 vestigium
1963 3281 2094 3312 polluatur
2104 3284 2152 3307 etc.

1191 3325 1242 3352 Csr.
1261 3318 1352 3351 Glo‘ssa
1372 3323 1515 3350 ordinaria
1533 3323 1606 3355 apud
1625 3324 1757 3355 Lyrnnum
1778 3324 1801 3349 in
1823 3325 1885 3350 Luc.
1906 3325 1935 3355 9,
1956 3325 1981 3350 5.

1264 3367 1287 3383 ¹⁰
1305 3368 1399 3394 Psalm.
1420 3368 1465 3400 ⁴8,
1486 3368 1509 3393 5.
1530 3381 1564 3387 —-
1583 3368 1707 3401 Sequitur
1727 3369 1782 3394 Act.
1802 3369 1833 3399 8,
1854 3369 1878 3394 G.
