2476 3921
16 997 124 1018 incusatur

17 1023 54 1045 tris
67 1022 126 1044 duri-

16 1057 30 1072 l.

21 1879 31 1894 r
48 1873 115 1904 patria

19 1902 119 1922 emenlta.

3 1846 129 1921 &prehendi-

735 261 931 294 COMMENT.
957 261 995 294 lN
1018 259 1258 293 EVANGELIUM
1282 260 1401 294 LUCAE
1425 261 1457 294 C.
1483 263 1544 295 XV.

141 353 272 387 donabis
295 352 335 392 ei,
350 355 406 385 aut
422 352 498 394 quid
515 352 554 385 de
569 360 666 384 manu
687 353 743 383 tua
757 350 890 392 accipiet
903 352 939 382 n?
963 349 1107 382 Ostentat

142 416 219 449 ergo
241 415 275 439 se
298 406 329 439 in
365 406 442 445 hoc,
467 405 552 448 quod
580 405 675 438 iactat
705 413 738 437 se
774 413 833 446 pro
868 406 958 445 patre
994 412 1107 445 magna

143 460 262 493 fecisse.
287 459 430 492 Ostentat
454 459 548 491 etiam
566 467 600 491 se
624 457 656 490 in
681 457 741 490 hoc
765 456 848 499 quod
866 456 959 495 dicit,
977 465 1010 489 se
1027 455 1107 488 nihil

142 516 253 546 contra
275 522 349 546 eum
372 512 501 551 fecisse,
526 520 598 544 cum
622 510 722 543 addit:
748 511 788 542 Et
810 519 987 553 nunquam
1011 518 1107 541 man-

143 566 261 599 dacum
278 570 373 598 tuum
388 565 579 607 praeterivi.
599 564 634 596 Et
650 564 682 596 in
699 564 758 596 hoc
775 563 924 596 iustificat
940 571 973 595 se
990 562 1106 604 ipsum,

143 628 217 652 cum
253 622 357 651 tamen
391 618 474 651 dicat
505 617 670 659 Apostolus
706 616 826 658 primae
857 615 897 648 ad
928 614 1108 648 Corinthios

143 674 258 713 quarto
271 672 300 703 ²:
330 684 346 700 «
362 670 445 703 Nihil
467 670 544 702 mihi
568 669 714 702 conscius
737 678 824 708 sum,
841 669 894 702 sed
912 678 974 701 non
999 668 1031 700 in
1048 668 1108 700 hoc

143 724 333 757 iustificatus
356 733 426 757 sum
444 737 475 755 ».
501 723 617 756 Contra
652 723 730 756 illud
759 722 965 765 supercilium
989 721 1107 754 dicitur

143 777 228 810 tertii
261 778 379 819 Regum
408 776 562 809 octavo²z
593 789 608 805 «ι
625 777 690 809 Non
724 780 771 809 est
804 777 916 814 bomo,
953 775 1007 817 qui
1045 784 1108 807 non

144 833 294 872 peccet»;
319 833 350 862 et
373 830 493 872 primae
525 830 647 863 loannis
682 830 800 872 primo:
830 829 889 862 «Si
913 829 1108 867 dixerimus,

144 883 219 925 quia
250 886 415 925 peccatum
450 892 512 915 non
548 883 718 922 habemus,
752 883 917 916 mendaces
948 891 1060 915 sumus
1077 894 1107 921 ²⁰3

144 936 219 978 quia
233 936 350 969 dicitur
366 936 405 968 ad
422 936 576 969 Romanos
594 936 702 969 tertio:
733 949 748 965 «
764 936 880 968 Omnes
897 938 1109 977 peccaverunt

143 992 175 1021 et
197 991 290 1030 egent
312 988 413 1030 gloria
434 988 489 1021 Dei
508 1002 538 1020 n.
565 1006 606 1013 —
634 988 780 1021 Ostentat
803 997 879 1030 ergo
895 997 995 1020 suam
1012 987 1109 1020 iusti-

144 1041 238 1080 tiam,
263 1044 401 1074 accusat
423 1046 453 1074 et
471 1042 585 1083 patris
608 1041 793 1081 duritiam,
818 1050 891 1074 cum
915 1041 1039 1074 subdit:
1071 1042 1109 1074 Et

143 1104 320 1138 nunquam
335 1094 455 1127 dedisti
470 1094 554 1128 mihi·
569 1093 729 1133 haedum,
746 1099 784 1127 ut
799 1104 876 1127 eam
892 1095 1012 1127 amieis
1027 1095 1109 1127 meis

144 1147 317 1190 epularer;
341 1148 430 1190 quasi
455 1147 554 1180 dicat:
579 1156 703 1189 semper
727 1148 814 1180 suisti
838 1147 914 1180 mihi
943 1147 1046 1180 durus
1077 1151 1109 1180 et

144 1210 206 1233 non
230 1200 341 1233 dedisti
365 1201 443 1233 mibi
467 1201 605 1243 aliquam
638 1200 820 1245 interiorem
846 1201 1107 1240 consolationem,

144 1263 226 1296 quae
249 1257 332 1287 esset
354 1253 522 1286 indicativa
551 1253 727 1286 dilectionis
751 1256 833 1286 tuae.
861 1253 895 1285 Et
920 1257 1022 1286 tamen
1048 1253 1108 1286 hoc

144 1307 217 1340 facit
232 1307 318 1340 Deus
333 1307 417 1340 iusto
433 1306 549 1339 iudicio
565 1309 596 1339 et
611 1307 746 1345 occulto,
764 1306 939 1340 secundum
957 1307 1035 1340 illud
1053 1308 1108 1340 Ec-

144 1360 305 1393 clesiastae
320 1368 403 1392 nono
415 1359 443 1391 ⁸:
462 1359 566 1391 «Sunt
582 1359 656 1392 iusti
673 1362 769 1401 atque
785 1360 952 1401 sapientes,
965 1363 996 1392 et
1012 1369 1109 1402 opera

144 1422 256 1446 eorum
280 1413 311 1445 in
337 1422 433 1445 manu
456 1412 530 1451 Dei;
554 1415 586 1445 et
609 1415 713 1445 tamen
738 1413 838 1445 nescit
862 1413 1106 1453 hom0,‚utrum

144 1474 271 1505 amore,
296 1465 346 1499 vel
368 1465 439 1498 odio
461 1465 576 1508 dignus
608 1465 666 1505 sit,
691 1465 746 1498 sed
777 1466 882 1498 omnia
906 1466 937 1498 in
961 1466 1108 1499 futurum

145 1522 314 1553 servantur
338 1519 459 1552 incerta
475 1532 505 1551 n.
531 1519 590 1552 Iste
620 1522 746 1558 autem,
771 1529 833 1552 non
865 1519 1030 1553 attendens
1057 1529 1109 1552 oc-

145 1572 231 1604 culta
253 1572 308 1605 Dei
333 1572 462 1611 iudicia,
487 1572 585 1614 patris
607 1572 757 1605 duritiam
781 1576 925 1611 accusat,
950 1572 1039 1615 quasi
1063 1572 1110 1605 di-

146 1628 231 1657 ceret
266 1625 344 1658 illud
380 1625 432 1658 lob
463 1625 667 1667 trigesim04:
698 1639 714 1654 «
734 1626 873 1658 Mutatus
904 1635 938 1659 es
969 1626 1045 1658 mibi
1078 1626 1109 1658 in

145 1677 307 1710 crudelem
335 1681 366 1710 et
393 1678 424 1710 in
441 1677 559 1710 duritia
575 1687 689 1711 manus
705 1681 777 1711 tuae
793 1678 971 1711 adversaris
988 1678 1063 1711 mihi
1078 1692 1109 1711 ».

146 1730 179 1763 In
203 1731 262 1763 hoc
286 1731 383 1773 igitur
406 1734 534 1764 accusat
557 1731 656 1773 patris
679 1731 839 1764 duritiam.

239 1785 290 1816 50.
316 1784 417 1826 (Vers.
444 1784 511 1824 30.)
535 1784 685 1817 Similiter
701 1783 909 1826 reprehendit
920 1785 1034 1826 patris
1050 1784 1111 1817 ele-

146 1836 325 1875 mentiam,
350 1846 423 1870 cum
446 1836 609 1879 adiungit:
636 1837 699 1870 Sed
718 1841 898 1880 postquam
921 1837 1014 1879 filius
1031 1843 1111 1870 tuas

148 1888 224 1929 ltie,·
248 1890 338 1932 quasi
362 1890 462 1923 dicat:
487 1899 549 1923 non
573 1890 672 1923 frater
695 1899 787 1923 meus
810 1909 854 1913 —
878 1890 960 1923 sicut
988 1891 1111 1924 dicebat

148 1943 302 1977 Dominus
325 1953 367 1977 ex
392 1943 604 1986 indignatione
628 1944 727 1977 Exodi
745 1944 905 1986 trigesimo
929 1944 1110 1977 secundo⁵:

153 2011 169 2026 «
187 1997 344 2031 Descende
367 1997 406 2031 de
430 2001 553 2037 monte,
577 1998 653 2040 quia
676 1998 817 2040 peccavit
833 1998 971 2040 populus
988 2002 1063 2032 tuus
1079 2012 1111 2038 n,

149 2054 246 2089 tuus,
271 2050 392 2092 inquit,
416 2059 479 2083 non
503 2059 594 2083 meus
611 2069 653 2074 —
670 2050 746 2092 quia
769 2054 900 2093 propter
916 2051 1041 2093 culpam
1058 2051 1113 2084 de-

148 2102 278 2145 dignor,
302 2106 339 2136 ut
361 2103 492 2136 fratrem
517 2103 621 2145 ipsum
646 2112 878 2146 recognoscam.
897 2123 938 2128 —
956 2105 1042 2138 Unde
1058 2105 1112 2138 ad-

148 2155 216 2188 dit:
243 2155 310 2196 Qui
332 2156 504 2189 devoravit
526 2166 626 2189 suam
649 2156 874 2190 substantiam
905 2167 982 2190 cum
1009 2168 1113 2191 mere-

150 2207 307 2247 tricibus,
332 2209 438 2248 venit,
462 2213 493 2241 et
525 2209 569 2242 ita
598 2210 713 2252 diguus
744 2213 827 2243 esset
849 2210 914 2249 ira,
939 2211 1015 2253 quia
1039 2220 1112 2253 pro-

149 2261 258 2304 digus,
283 2261 467 2294 immundus
498 2265 529 2294 et
560 2262 688 2301 foedus,
713 2265 745 2295 et
768 2262 837 2295 ideo
860 2263 1111 2305 disperdendus3

150 2314 338 2348 Psalmusss:
368 2327 384 2343 α
401 2314 514 2348 Perdes
538 2323 592 2347 eos
615 2315 670 2357 qui
694 2315 891 2348 fornicantur
914 2316 1017 2349 abste
1034 2329 1065 2355 1³3
1082 2320 1113 2349 et

151 2368 351 2401 Threnorum
376 2368 500 2410 primo:
530 2381 545 2397 α
562 2369 653 2401 Facta
676 2372 723 2401 est
747 2369 915 2401 Ierusalem
940 2369 1029 2411 quasi
1046 2370 1113 2411 pol-

150 2422 218 2454 luta
242 2421 414 2454 menstruis
445 2421 527 2454 inter
558 2430 621 2454 eos.
647 2421 751 2454 Iustus
774 2425 821 2454 est
844 2421 1014 2461 Dominus,
1038 2422 1113 2464 quia

153 2483 187 2507 os
211 2473 279 2506 eius
295 2474 333 2507 ad
350 2473 545 2507 iracundiam
570 2473 738 2516 provocavi
757 2487 786 2506 ».
812 2492 854 2498 —
879 2474 1039 2507 Occidisti
1058 2474 1088 2507 ez'
1100 2474 1111 2493 ‘¹

162 2527 293 2560 ›iculum
317 2528 533 2570 saginatum,
566 2527 758 2561 ostendendo
790 2536 946 2561 summam
978 2528 1113 2561 benevo—

155 2715 223 2740 infra
242 2718 388 2748 sequuntur
407 2716 472 2742 aliae
491 2716 560 2741 dune
579 2716 702 2742 rationes.
724 2717 831 2743 inferius
841 2725 889 2750 pro
909 2719 1025 2745 ostentat
1048 2725 1112 2751 erqo

153 2766 181 2785 se
199 2758 228 2785 in
247 2759 323 2786 hoc...
344 2766 372 2786 se
390 2759 459 2786 nihil
477 2762 573 2787 contra
593 2768 655 2787 eum
672 2761 765 2795 secisse
778 2763 799 2787 H
812 2762 926 2789 ostendit
944 2770 1009 2797 erqo
1023 2762 1052 2789 in
1064 2763 1114 2790 hoc

155 2801 200 2835 [ita
213 2803 291 2828 etiam
310 2803 333 2828 D
352 2803 496 2837 primitus]
511 2804 584 2838 quod
596 2804 679 2832 iactat
689 2812 718 2832 se
727 2812 780 2839 pro
792 2808 871 2840 patre
883 2814 986 2841 magna
1004 2807 1114 2841 fecisse,-

153 2846 268 2872 ostendz’t
285 2846 366 2873 eliam
386 2848 430 2879 [ita
449 2848 528 2873 etiam
548 2849 570 2874 D
589 2849 734 2883 primitus}
752 2856 780 2876 se
799 2850 867 2877 nihil
885 2853 981 2878 contra
1000 2859 1062 2878 eum
1080 2852 1115 2886 fe·

154 2889 229 2916 cisse.
249 2891 297 2916 Pro
315 2893 412 2917 contra
430 2898 491 2918 eum
509 2892 602 2925 fecisse
620 2892 639 2919 C
652 2893 731 2919 DFG
751 2895 847 2921 contra
865 2894 965 2928 fecisse.

226 2933 235 2948 ¹
256 2935 329 2960 vers.
344 2935 368 2960 t.
382 2948 416 2954 —
430 2936 556 2967 Superius
569 2944 617 2968 pro
629 2936 758 2972 iustificat
769 2945 797 2965 se
810 2938 829 2965 C
840 2939 862 2965 D
872 2940 890 2965 F
903 2939 1067 2975 iustificabut
1077 2948 1115 2967 se.

225 2976 236 2991 ²
257 2978 330 3004 vers.
352 2978 393 3004 46.
413 2980 473 3005 Post
491 2979 540 3013 qui
563 2981 641 3006 codd.
660 2981 762 3008 addunt
779 2982 865 3016 factat
886 2982 987 3010 bonum
1006 2986 1048 3017 et;
1067 2986 1113 3011 cfr.

155 3022 238 3047 Eccte.
256 3020 282 3052 7,
302 3022 349 3047 2⁴:
369 3023 426 3048 Non
451 3026 490 3048 est
513 3023 583 3049 enini
607 3025 687 3050 homo
715 3025 800 3051 iustus
824 3027 850 3052 ln
869 3030 953 3059 terra,
972 3028 1017 3060 qui
1038 3029 1116 3055 faciat

155 3064 255 3090 bonum
275 3068 300 3091 et
328 3073 380 3091 non
405 3071 504 3098 peccet.
524 3081 557 3086 —-
577 3068 635 3093 Duo
655 3075 729 3102 seqq.
749 3070 797 3095 loci
826 3073 886 3096 sunt
913 3072 930 3097 l.
950 3072 1021 3098 loun.
1040 3073 1070 3103 l,
1090 3074 1114 3099 8.

156 3109 304 3137 (lectionem
325 3110 453 3142 Vulgatae
472 3114 498 3136 et
518 3111 574 3137 Vat.
593 3112 655 3138 vide
674 3120 752 3145 supra
773 3121 834 3146 pag.
855 3114 921 3146 287,
939 3120 1001 3142 nota
1022 3117 1076 3150 ⁴3.)
1090 3121 1116 3144 et

156 3153 233 3179 Rom.
252 3154 281 3184 3,
300 3154 342 3179 23.
361 3167 397 3173 -
415 3154 530 3185 Hieron..
559 3156 638 3187 Epist.
667 3157 709 3182 21.
738 3156 812 3189 (alias
833 3157 903 3192 ⁴46.)
925 3166 951 3184 n.
971 3160 1021 3185 33:
1041 3160 1116 3187 Nun-

157 3203 239 3230 quam
257 3196 418 3223 mandatum
444 3199 522 3224 tuum
544 3198 705 3232 praeterivi,
728 3201 802 3233 quasi
828 3202 878 3228 hoc
903 3203 991 3234 ipsum
1011 3211 1063 3230 non
1083 3205 1116 3231 sit

157 3241 298 3272 praeterire
324 3242 493 3273 mandatum,
518 3243 594 3269 saluti
618 3243 724 3269 alterius
752 3244 885 3276 invidere,
904 3250 963 3272 ante
983 3247 1067 3273 Deum
1087 3256 1116 3274 se

157 3285 252 3310 iactare
271 3285 396 3317 iustitiae,
415 3293 476 3312 cum
496 3293 574 3312 nemo
593 3294 682 3313 coram
702 3295 734 3314 eo
754 3289 869 3315 mundus
888 3290 922 3315 sit
940 3293 989 3317 etc.

228 3327 239 3343 ⁸
259 3329 333 3355 Vers.
354 3330 376 3356 l.
397 3333 422 3356 et
441 3331 465 3356 2.
946 3333 957 3348 ⁶
979 3335 1052 3361 Vers.
1072 3337 1114 3362 21.

228 3371 239 3387 ‘⁵
259 3374 334 3400 Vei-s.
351 3374 377 3399 7.

228 3415 240 3432 ⁶
258 3418 351 3443 Psalm.
370 3417 419 3449 72,
440 3418 488 3451 27,
508 3421 567 3450 post
586 3426 665 3452 quem
686 3420 797 3453 Thren„
818 3421 842 3451 ⁴¹,
865 3420 904 3446 ¹7.
917 3428 987 3454 seq„
1002 3421 1026 3446 in
1041 3422 1116 3447 cuius

264 3470 294 3497 S.
312 3471 417 3498 Bonav.
429 3485 464 3492 -
479 3472 557 3498 Tom.
575 3472 628 3498 Vll.

2067 267 2127 299 401

1170 351 1317 389 lentiam,
1342 359 1436 392 quam
1461 351 1613 390 ostendit,
1646 361 1718 384 cum
1743 352 1835 385 alicui
1860 354 2055 388 devotionem
2080 356 2133 388 dat

1171 403 1255 435 circa
1278 402 1466 435 beneficium
1489 403 1663 437 dominicae
1680 406 1849 446 passionis,
1865 409 2037 442 secundum
2056 411 2131 442 illud

1171 456 1371 488 Canticorum
1401 456 1547 498 primoss:
1578 470 1593 485 «
1611 458 1790 491 Fasciculus
1821 461 1969 501 myrrhae
2001 462 2133 495 dilectus

1172 517 1262 541 meus
1286 509 1382 548 mibi,
1414 509 1496 542 inter
1521 510 1620 542 ubera
1644 519 1713 543 mea
1737 514 1994 546 commorabitur.
2021 515 2133 548 Botrus

1171 562 1264 604 Cypri
1289 562 1423 595 dilectus
1452 572 1541 596 meus
1564 564 1640 596 mibi
1674 565 1705 596 in
1741 566 1840 598 vineis
1866 567 1998 609 Engaddi
2018 583 2046 601 n.
2075 570 2133 602 Oe-

1172 615 1285 648 eidt'sti
1306 616 1354 655 ei,
1379 616 1409 648 id
1434 620 1498 654 est,
1525 625 1580 658 per
1603 617 1799 651 devotionem
1825 620 1953 659 dedisti,
1978 630 2013 653 ac
2038 623 2061 654 si
2085 633 2134 655 so-

1173 669 1239 702 lum
1263 679 1322 712 pro
1345 670 1414 711 ipso
1437 670 1560 703 occisus
1583 674 1682 710 esset,
1707 672 1788 704 sicut
1812 676 1843 705 et
1872 674 1986 707 Paulus
2013 676 2134 709 dicebat

1172 723 1212 755 ad
1242 723 1367 756 Galatas
1397 723 1579 756 secundo⁹:
1610 736 1625 751 «
1650 724 1738 765 Quod
1763 729 1867 758 autem
1894 736 1977 760 nunc
2004 729 2072 760 vivo
2104 730 2133 762 in

1173 784 1286 814 carne,
1312 776 1343 808 in
1369 775 1429 808 fide
1457 777 1526 808 vivo
1550 776 1613 809 Filii
1640 777 1713 816 Dei,
1738 778 1792 820 qui
1817 779 1929 812 dilexit
1945 790 1994 814 me
2017 786 2048 814 et
2072 785 2135 815 tra-

1173 828 1251 861 didit
1282 829 1484 871 semetipsum
1518 838 1575 871 pro
1608 839 1658 862 me
1676 843 1705 869 »;
1731 831 1814 864 unde
1838 836 1868 864 et
1893 835 2134 875 praemittebat:

1179 894 1194 910 a
1211 881 1337 914 Christo
1350 882 1497 915 confixus
1507 891 1579 915 sum
1593 883 1679 916 cruci
1694 897 1723 916 n.
1740 903 1780 907 —
1794 886 1902 927 Arguit
1914 895 1989 928 ergo
2006 887 2063 920 iste
2079 897 2136 921 sua
2152 893 2259 919 Epimeni-

1174 935 1377 976 responsione
1402 938 1550 976 proterva
1574 939 1605 968 et
1628 937 1727 978 patris
1750 937 1945 971 clementiam
1963 943 1994 972 et
2009 945 2135 973 accusat

1173 987 1322 1019 duritiam
1339 991 1371 1020 et
1386 991 1522 1021 ostentat
1535 997 1623 1021 suam
1638 989 1787 1022 iustitiam
1797 1016 1804 1029 ,
1817 1000 1873 1023 nec
1886 992 2033 1031 attendit,
2051 994 2133 1035 quod

1179 1054 1194 1069 α
1211 1041 1295 1074 Deus
1318 1041 1464 1083 superbis
1495 1042 1629 1081 resistit,
1663 1043 1836 1077 humilibus
1859 1049 1964 1077 autem
1989 1046 2041 1078 dat
2064 1056 2133 1089 gra-

1174 1094 1248 1127 tiam
1264 1108 1295 1133 »,
1320 1095 1403 1127 sicut
1430 1095 1547 1128 dicitur
1572 1096 1670 1128 lacobi
1695 1102 1810 1139 quarto
1825 1099 1859 1130 ¹⁰.
1887 1099 2016 1141 Propter
2047 1101 2129 1142 quod

1173 1147 1265 1180 etiam
1298 1147 1383 1179 Deus
1414 1148 1633 1189 peccatoribus
1661 1153 1708 1181 est
1732 1150 1855 1189 duleis,
1882 1156 1916 1183 ut
1940 1161 1993 1184 eos
2017 1153 2132 1186 excitet

1172 1201 1211 1233 ad
1236 1209 1342 1242 spem,
1367 1205 1398 1233 et
1421 1201 1533 1233 durus
1556 1201 1664 1241 iustis,
1689 1207 1725 1235 ut
1748 1212 1802 1236 eos
1818 1204 1945 1237 inclinet
1968 1206 2005 1238 ad
2031 1206 2134 1238 bumi-

1173 1254 1312 1293 litatem;
1337 1256 1466 1295 propter
1490 1254 1574 1296 quod
1600 1255 1680 1287 infra
1703 1256 1823 1289 decimo
1848 1258 2000 1299 septimo:
2023 1272 2037 1287 a
2055 1260 2131 1292 Cum

1172 1306 1309 1340 feceritis
1341 1316 1561 1350 quaecumque
1591 1313 1756 1350 praecepta
1781 1314 1855 1342 sunt
1885 1311 1988 1351 vobis,
2020 1312 2133 1346 dicite:

1173 1360 1259 1393 Servi
1284 1360 1410 1393 inutiles
1434 1369 1545 1393 sumus
1561 1375 1576 1390 n
1605 1365 1663 1394 etc.

1264 1415 1315 1446 51.
1342 1414 1444 1455 (Vers.
1470 1414 1547 1455 31.>.
1573 1415 1678 1448 Tertio
1701 1421 1855 1458 quantum
1874 1418 1911 1450 ad
1933 1418 2135 1462 satisfactio·
2156 1425 2229 1471 {3322
2241 1430 2287 1477 iffi:

1173 1477 1248 1500 ‘nem
1270 1467 1476 1509 placativam
1501 1468 1685 1510 subiungit:
1712 1472 1755 1501 At
1779 1471 1848 1512 ipse
1864 1471 1950 1504 dixit
1966 1472 2034 1505 illi.-
2053 1474 2134 1512 Fili,
2158 1478 2233 1498 wiva·

1175 1525 1211 1553 tu.
1234 1530 1362 1562 semper
1385 1530 1513 1553 mecam
1537 1531 1579 1553 es.
1606 1522 1682 1554 Nota
1699 1523 1750 1556 hic
1766 1523 2019 1565 benignissimam
2037 1527 2136 1567 patris

1175 1573 1430 1615 responsionem,
1456 1574 1544 1615 quia,
1577 1583 1649 1607 cum
1681 1580 1786 1617 posset
1809 1585 1944 1618 arguere
1967 1578 2066 1610 filium
2099 1579 2136 1611 de

1175 1626 1429 1668 praesumtione,
1465 1626 1504 1659 de
1539 1627 1767 1669 indignatione,
1800 1629 1838 1661 de
1870 1632 2075 1671 protervitate
2106 1636 2136 1664 et

1175 1678 1213 1711 de
1237 1679 1489 1718 inhumanitate;
1515 1683 1619 1712 tamen
1644 1689 1704 1712 non
1729 1682 1851 1723 arguit,
1876 1691 1915 1715 ne
1940 1683 2038 1725 magis
2066 1693 2136 1725 per-

1176 1732 1302 1770 turbet,
1327 1731 1380 1764 sed
1405 1732 1454 1773 pie
1486 1732 1664 1771 blanditur,
1689 1737 1726 1765 ut
1750 1734 1864 1773 leniat;
1890 1735 1981 1777 quia,
2007 1737 2137 1770 Prover-

1175 1785 1300 1817 biorum
1334 1784 1456 1817 decimo
1479 1785 1590 1827 quinto
1605 1788 1647 1825 ¹¹,
1678 1800 1693 1814 α
1711 1788 1872 1828 responsio
1897 1789 1999 1822 mollis
2023 1790 2137 1832 frangit

1175 1838 1254 1870 iram
1271 1851 1302 1869 n.
1328 1838 1392 1870 Non
1418 1846 1493 1880 ergo
1517 1839 1622 1881 arguit
1651 1840 1890 1881 perturbatum,
1922 1842 1974 1875 sed
2003 1843 2137 1876 dulciter

1175 1895 1206 1924 et
1234 1891 1461 1924 rationabiliter
1498 1892 1599 1933 placat
1635 1893 1771 1932 iratum,
1808 1894 1980 1928 laudando
2021 1897 2137 1930 scilicet
2158 1901 2231 1922 1'1202‘
2245 1901 2289 1922 1²⁰·

1175 1944 1239 1988 fi'lz'i
1260 1944 1476 1978 obedientiam
1501 1945 1531 1978 in
1558 1947 1634 1985 hoc,
1659 1947 1744 1988 quod
1767 1947 1860 1980 dicit:
1886 1948 1971 1988 Fili,
1997 1954 2032 1981 tu
2055 1960 2136 1982 sem·
2148 1927 2300 1975 oheffiffli‘iam.

1173 2008 1235 2041 per
1258 2008 1387 2031 meeum
1410 2007 1462 2037 ea,
1487 1999 1517 2031 id
1533 2002 1595 2038 est,
1613 2008 1737 2042 semper
1760 2001 1836 2034 mihi
1861 2002 2076 2044 obtemperas,
2094 2004 2134 2036 ita

1176 2055 1213 2084 ut
1237 2051 1279 2084 sis
1303 2051 1341 2084 de
1364 2060 1500 2084 numero
1523 2052 1649 2084 illorum
1674 2053 1791 2095 quibus
1815 2054 1930 2087 dicitur
1955 2055 2036 2088 infra
2052 2056 2136 2098 vige—

1177 2105 1256 2138 simo
1280 2104 1418 2138 secundo
1433 2104 1459 2123 ¹²
1473 2116 1480 2136 ι
1511 2118 1527 2133 <1
1545 2106 1605 2138 Vos
1629 2106 1720 2144 estis,
1745 2107 1798 2149 qui
1827 2109 2042 2149 permansistis
2072 2118 2136 2142 me-

1176 2167 1250 2191 cum
1281 2158 1312 2190 in
1345 2159 1570 2191 tentationibus
1598 2160 1675 2192 meis
1691 2172 1723 2199 »;
1748 2164 1784 2193 ut
1807 2161 1907 2202 possis
1930 2161 2034 2194 dicere
2059 2162 2135 2195 illud

1178 2211 1311 2243 Psalmi:
1341 2224 1357 2239 «
1374 2211 1411 2244 Ut
1434 2211 1610 2245 iumentum
1634 2212 1734 2245 factus
1758 2222 1827 2246 sum
1853 2214 1936 2256 apud
1961 2219 2007 2253 te,
2033 2219 2064 2248 et
2079 2224 2136 2257 ego

1177 2272 1302 2305 semper
1327 2268 1430 2296 tecum
1447 2277 1478 2295 ».
1512 2264 1644 2306 Semper
1671 2275 1800 2298 meeum
1823 2276 1874 2305 es,
1899 2268 1930 2300 in
1955 2268 2046 2300 domo
2071 2277 2136 2300 ma-

1177 2325 1255 2349 nens
1271 2316 1353 2349 sicut
1368 2316 1452 2349 filius
1466 2329 1473 2355 ;
1499 2317 1620 2350 loannis
1643 2322 1753 2351 octavo
1768 2319 1793 2338 ¹³
1809 2331 1816 2350 ε
1839 2332 1855 2348 α
1871 2320 1966 2352 Filius
1983 2324 2088 2353 manet
2104 2321 2134 2353 in

1176 2368 1269 2401 domo
1293 2369 1325 2401 in
1348 2372 1512 2402 aeternum
1531 2382 1561 2401 ».
1580 2388 1622 2393 -
1640 2370 1742 2403 Placat
1765 2372 1858 2404 etiam
1874 2372 2069 2405 ostendendo
2087 2373 2136 2405 be·
2152 2378 2302 2426 ‘gffiffiggssj

1177 2421 1413 2460 nevolencz'am,
1437 2431 1509 2455 cum
1533 2422 1639 2455 addit:
1666 2424 1705 2456 Et
1728 2424 1842 2457 omm'a
1864 2435 1938 2458 mea
1963 2429 2022 2458 tua
2037 2431 2134 2465 sunt,
2156 2432 2278 2453 mutiam-

1177 2483 1234 2516 per
1257 2474 1505 2508 benevolentiam
1538 2476 1655 2509 scilicet
1678 2477 1835 2516 caritatis,
1857 2478 2031 2511 secundum
2059 2479 2134 2512 illud

1177 2528 1298 2570 primae
1313 2528 1351 2560 ad
1368 2528 1546 2561 Corinthios
1570 2529 1664 2562 tertio
1678 2529 1725 2562 ¹⁴:
1749 2543 1763 2558 a
1780 2530 1892 2563 Omnia
1916 2535 2021 2564 vestra
2044 2536 2135 2571 sunt,

1178 2718 1228 2743 tine
1248 2725 1296 2750 pro
1313 2718 1462 2752 provocavi
1479 2718 1498 2744 C
1510 2719 1559 2744 DG
1577 2719 1742 2752 provocarit.
1756 2733 1791 2738 —
1806 2720 1852 2745 Pro
1872 2719 2064 2754 disperdendus
2079 2722 2135 2746 Vat.

1178 2762 1272 2789 merito
1291 2762 1451 2796 perdendus.

1249 2805 1259 2820 ⁷
1279 2809 1313 2833 lta
1333 2808 1411 2833 etiam
1432 2808 1548 2839 [ἥσει-οη,
1569 2808 1648 2840 Epist.
1668 2809 1711 2834 2t.
1732 2809 1804 2841 (alias
1820 2809 1888 2841 ⁴46.)
1904 2817 1928 2835 n.
1943 2810 1991 2840 36;
2006 2810 2062 2835 Vnt.
2076 2817 2136 2835 cum

1179 2852 1289 2884 Vulgata
1310 2851 1358 2878 illi.
1377 2865 1412 2871 -
1426 2852 1534 2878 lnserius
1548 2859 1595 2884 pro
1608 2852 1769 2879 ostendendo
1781 2860 1918 2879 summam
1939 2854 1958 2878 B
1978 2852 2137 2879 ostendendo

1178 2895 1203 2922 ei
1220 2897 1311 2928 tuam,
1331 2897 1353 2921 11
1367 2895 1532 2931 *ostendendo
1551 2896 1575 2922 ei
1592 2903 1739 2923 summum.

1249 2938 1260 2954 ⁸
1281 2941 1356 2966 Vers.
1377 2940 1419 2965 12.
1437 2944 1463 2965 et
1486 2941 1524 2965 13.

1250 2982 1261 2997 ⁹
1282 2984 1356 3009 Vers.
1376 2984 1417 3008 20.
1437 2983 1527 3015 (codd.
1558 2983 1636 3014 Quod
1662 2985 1753 3009 autem
1783 2983 1853 3015 vivo,
1875 2983 1901 3009 in
1920 2983 1972 3017 fide
1992 2983 2049 3009 viro
2075 2983 2139 3010 Filii

1178 3027 1228 3054 Dei
1245 3028 1306 3061 etc.)
1334 3030 1360 3053 et
1387 3027 1482 3052 deinde
1509 3035 1535 3052 v.
1566 3028 1607 3052 ¹9.
1625 3041 1660 3046 —
1679 3028 1728 3053 Pro
1747 3027 1851 3053 Paulus
1870 3026 1972 3053 dicebat
1996 3028 2016 3052 Α
2028 3026 2046 3053 C
2058 3028 2136 3053 DFG

1180 3071 1283 3098 Paulus
1301 3069 1413 3097 habebat
1432 3069 1500 3103 [scil.
1519 3070 1609 3095 datum
1629 3073 1654 3095 et
1673 3077 1721 3102 pro
1740 3077 1768 3095 se
1787 3070 1903 3096 occisum
1923 3069 2080 3104 Christum}

1252 3113 1274 3130 ²⁰
1294 3115 1368 3140 Vers.
1388 3115 1413 3139 6.
1431 3128 1467 3133 —
1487 3113 1603 3139 Subinde
1622 3114 1748 3145 allegatur
1766 3114 1828 3139 Luc.
1851 3114 1894 3144 ¹7,
1916 3115 1958 3139 ⁴0.

1252 3158 1273 3173 ¹¹
1294 3159 1367 3184 Vers.
1388 3158 1411 3183 4.
1425 3158 1562 3183 —Glossa
1582 3156 1724 3183 ordinaria
1744 3157 1783 3189 (ex
1804 3159 1928 3188 August„
1948 3158 1974 3183 ll.
1994 3158 2043 3190 Qq.
2057 3158 2137 3183 Evan-

1181 3204 1272 3235 gelior.
1293 3210 1320 3235 q.
1339 3203 1382 3228 33.
1402 3208 1428 3227 n.
1448 3202 1483 3234 8.)
1496 3210 1502 3226 :
1516 3201 1582 3232 Fili,
1596 3203 1625 3227 tu
1644 3205 1708 3231 etc.,
1729 3208 1778 3226 non
1799 3201 1873 3233 quasi
1894 3202 2060 3227 mentientem
2080 3201 2137 3227 red-

1179 3247 1280 3278 arguit,
1308 3245 1355 3271 sed
1383 3251 1473 3270 secum
1494 3245 1717 3276 perseverantiam
1736 3244 1793 3270 eius
1812 3244 1962 3276 approbans
1981 3248 2006 3269 et
2024 3245 2057 3270 ad
2078 3252 2136 3276 per-

1180 3290 1327 3315 fruitionem
1346 3288 1454 3320 potioris
1473 3288 1649 3313 exsultationis
1668 3288 1788 3314 invitans.

1252 3331 1272 3347 ¹²
1292 3333 1366 3357 Vers.
1387 3332 1434 3362 28,
1454 3332 1497 3357 cui
1516 3331 1683 3363 subiungitur
1702 3332 1743 3358 Ps.
1764 3333 1812 3364 72,
1832 3333 1875 3358 23.

1251 3375 1273 3390 ¹³
1294 3377 1367 3402 vers.
1386 3376 1428 3402 35.

1251 3420 1273 3435 ¹¹
1294 3421 1367 3446 Vera.
1387 3421 1428 3445 22.
1447 3427 1502 3453 seq.
1522 3424 1547 3446 et
1565 3421 1659 3446 deinde
1679 3421 1755 3447 Rom.
1778 3422 1807 3452 8,
1827 3422 1870 3447 32.

1995 3474 2023 3498 5³
