2476 3921
303 272 367 303 282
894 264 1088 297 COMMENT.
1115 264 1151 297 IN
1174 264 1413 297 EVANGELIUM
1440 264 1557 297 LUCAE
1582 265 1613 297 C.
1640 264 1687 296 XI.

1418 354 1466 385 17.
1492 353 1645 394 Quoniam
1669 361 1745 394 ergo
1776 353 1947 386 tribulatio
1978 356 2026 386 est
2057 354 2205 393 tentatio,
2237 363 2285 386 se·
2306 360 2459 412 itrioggeifflw

1326 405 1465 439 cundum
1491 406 1567 438 illud
1592 406 1693 439 lacobi
1717 406 1861 448 primoss:
1892 419 1908 435 α
1926 407 2038 439 Beatus
2063 407 2125 446 vir,
2150 407 2204 448 qui
2222 407 2288 439 sut*-
2313 414 2424 438 dituraiia.
2458 440 2460 458 ,Ι

303 358 386 401 quod
410 357 524 389 dicitur
549 355 651 387 Iudith
676 363 758 386 nono
774 355 801 385 ¹:
832 366 847 381 a
865 353 1034 385 Humilium
1059 357 1090 385 e'.
1116 361 1260 385 mansue-

303 416 408 444 torum
431 418 555 450 semper
579 408 633 440 tibi
660 407 776 449 placuit
800 406 1023 448 deprecatio»,
1047 406 1259 448 superborum

138 1110 217 1131 Petitio
228 1109 287 1136 quin-

153 1321 282 1343 Notandum.

154 1642 239 1668 Duplex
253 1648 284 1662 ra-

302 468 406 497 autem
421 467 451 495 et
464 462 727 495 calumniatorum
740 469 914 502 nunquam.
929 459 1015 492 Unde
1032 459 1127 491 Isaiae
1144 459 1260 501 primo:

307 531 322 545 «
339 517 417 549 Cum
441 514 724 556 multiplicaveritis
757 513 949 551 orationem,
976 522 1037 545 non
1074 513 1260 551 exaudiam;

302 579 413 603 manus
448 569 530 601 enim
563 571 685 600 vestrae
717 567 868 609 sanguine
893 567 1003 608 plenae
1027 569 1149 598 sunt».
1176 565 1261 598 Unde

302 621 586 664 chrysostomus2:
616 634 631 649 «
649 621 677 652 Si
703 620 729 653 is
746 620 800 662 qui
826 620 928 652 laesus
952 622 1013 658 est,
1038 619 1158 652 frustra
1182 622 1262 657 orat,

303 677 361 710 nisi
386 675 568 713 indulserit;
593 674 767 716 quomodo,
794 677 903 715 putas,
925 676 995 705 orat
1019 673 1044 705 is
1072 673 1126 714 qui
1160 672 1263 705 laesus

302 739 364 761 non
388 733 451 767 est,
477 729 501 761 si
527 728 591 769 ipse
617 737 672 769 per
705 727 888 759 iniustitiam
920 727 997 758 alios
1022 726 1115 758 laedit
1138 729 1169 758 et
1193 734 1264 767 gra-

303 786 377 815 vat?
401 782 459 823 Qui
484 785 588 814 autem
606 791 667 813 non
685 781 728 813 sic
745 784 829 818 orat,
847 784 883 812 ut
899 780 1043 812 Christus
1066 779 1183 816 docuit,
1201 787 1263 810 non

302 840 349 869 est
372 836 560 877 discipulus3
586 844 643 867 nec
668 835 757 866 Pater
793 834 923 866 exaudit
954 833 1142 870 orationem,
1168 840 1263 873 quam

302 891 395 923 Filius
420 899 480 922 non
504 888 620 921 docuit.
646 888 809 930 Cognoscit
832 887 914 920 enim
933 887 1022 919 Pater
1039 886 1103 918 Filii
1128 885 1177 918 sui
1194 894 1264 917 sen-

302 953 371 977 sum
396 947 427 976 et
451 942 564 980 verba,
589 951 650 974 non
675 941 807 982 suscipit
830 949 911 982 quae
936 939 1101 981 usurpatio
1126 939 1265 971 humana

302 996 508 1038 excogitavit,
533 995 585 1027 sed
610 1004 691 1037 quae
716 994 867 1036 sapientia
890 993 1005 1025 Christi
1030 993 1179 1034 exposuit
1195 1006 1225 1023 n.

395 1050 444 1081 16.
469 1049 584 1090 Quinto
609 1057 684 1080 vero
708 1043 863 1089 quantum
888 1046 927 1079 ad
943 1046 1120 1078 victoriam
1138 1046 1173 1077 in
1190 1055 1265 1077 eon-

301 1103 393 1145 flictu
418 1102 592 1143 subiungit:
622 1102 659 1133 Et
683 1111 722 1133 ne
744 1110 805 1132 nos
829 1100 973 1132 inducas
990 1100 1025 1131 in
1042 1099 1263 1136 tentationem,

303 1157 332 1189 id
350 1160 413 1195 est,
440 1165 500 1188 non
524 1155 690 1197 permittas
715 1153 831 1186 induci
840 1179 849 1192 ,
875 1153 905 1185 id
929 1156 976 1185 est
993 1152 1154 1193 superari;
1172 1152 1264 1193 quia,

302 1210 383 1242 sicut
406 1209 522 1241 dicitur
548 1207 645 1240 iacobi
672 1207 773 1248 primo
786 1206 810 1245 ³,
839 1219 854 1234 «
874 1206 955 1238 Deus
980 1205 1150 1237 intentator
1168 1204 1265 1236 malo-

303 1272 374 1295 rum
399 1266 462 1300 est;
488 1261 541 1294 sed
566 1260 787 1302 unusquisque
812 1262 967 1296 tentatur,
992 1267 1010 1290 a
1045 1258 1266 1299 concupiscen-

303 1317 345 1349 tia
369 1326 426 1349 sua
460 1315 639 1347 abstractus
671 1318 702 1346 et
736 1313 902 1345 illectus».
928 1331 971 1335 —
1004 1312 1039 1343 Et
1063 1315 1156 1349 nota,
1180 1311 1265 1353 quod

303 1379 364 1402 non
391 1369 467 1411 petit
489 1377 557 1400 non
580 1366 720 1405 tentari,
746 1366 820 1408 quia
845 1365 976 1398 tentatio
1001 1365 1161 1397 hominem
1194 1373 1266 1406 pro-

303 1424 374 1462 bat,
403 1421 577 1455 secundum
594 1420 671 1452 illud
697 1420 853 1452 Psalmi4:
884 1432 898 1447 <1
917 1419 1016 1451 Proba
1040 1427 1105 1457 me,
1122 1418 1265 1456 Domine,

304 1481 334 1509 et
358 1480 443 1509 tenta
467 1484 516 1507 me
529 1487 560 1513 »3
577 1478 608 1507 et
626 1473 828 1506 Ecclesiastici
848 1472 1007 1515 trigesimo
1023 1476 1155 1514 quarto:
1178 1484 1192 1500 α
1206 1471 1265 1513 Qui

304 1539 365 1562 non
398 1532 445 1561 est
480 1531 618 1560 tentatus
651 1536 750 1568 pauca
785 1525 980 1567 recognoscit
1003 1539 1032 1557 n.
1058 1525 1116 1557 Sed
1143 1525 1220 1566 petit
1243 1534 1265 1557 a

305 1582 479 1614 tentatione
503 1590 568 1612 non
591 1579 752 1621 superari
775 1587 832 1611 nec
868 1578 967 1616 vinci,
992 1578 1047 1610 sed
1078 1579 1205 1610 vincere
1235 1580 1266 1609 et

305 1635 512 1676 triumphare.
538 1634 599 1665 Hoc
623 1633 740 1675 quippe
766 1632 933 1674 petendum
951 1634 998 1663 est
1015 1635 1143 1673 propter
1160 1630 1268 1663 divini

305 1688 430 1721 auxilii
451 1687 657 1729 fidelitatem,
683 1686 720 1718 de
745 1695 808 1727 qua
824 1685 943 1727 primae
960 1685 999 1717 ad
1019 1684 1197 1716 Corinthios
1213 1683 1267 1716 de-

305 1742 425 1775 cimo⁵:
456 1740 598 1773 «Fidelis
630 1744 677 1772 est
708 1740 809 1777 Deus,
834 1739 888 1781 qui
921 1749 981 1771 non
1008 1738 1182 1779 permittet,
1212 1746 1267 1769 vos

304 1795 417 1829 tentari
443 1804 540 1836 supra
563 1794 593 1826 id
617 1793 702 1835 quod
727 1793 873 1834 potestis;
898 1792 951 1824 sed
968 1792 1059 1824 faciet
1082 1791 1175 1823 etiam
1194 1799 1267 1823 cum

305 1849 474 1881 tentatione
499 1850 701 1888 proventum,
728 1849 763 1878 ut
780 1846 904 1887 possitis
928 1845 1085 1878 sustinere
1103 1857 1132 1875 n.
1159 1844 1267 1876 Peten-

304 1902 379 1935 dum
397 1905 443 1934 est
460 1901 553 1933 etiam
571 1903 700 1941 propter
722 1898 1019 1940 reeoynoseendam
1044 1901 1195 1929 nostram
1221 1897 1268 1929 in-

304 1955 515 1996 firmitatem,
540 1952 714 1985 secundum
746 1951 823 1983 illud
856 1950 985 1983 secundi
1011 1949 1267 1991 Paralipomenon

305 2008 498 2050 vigesimoff:
529 2020 544 2035 «
562 2007 593 2038 ln
620 2006 709 2038 nobis
733 2005 860 2046 quidem
898 2013 959 2036 non
995 2008 1042 2036 est
1072 2007 1157 2035 tanta
1180 2002 1268 2035 forti-

306 2061 399 2100 tudo,
424 2064 460 2093 ut
484 2060 642 2102 possimus
668 2058 742 2090 huic
777 2056 972 2089 multitudini
997 2056 1162 2095 resistere,
1187 2064 1268 2098 quae

306 2116 401 2148 irruit
424 2123 521 2156 super
546 2122 612 2145 nos.
649 2112 707 2144 Sed
731 2121 803 2144 cum
840 2111 1039 2152 ignoremus,
1068 2109 1144 2152 quid
1176 2118 1269 2151 agere

305 2169 494 2206 debeamus,
519 2167 579 2199 hoc
603 2166 705 2198 solum
731 2165 885 2197 habemus
918 2163 1054 2202 residui,
1090 2166 1126 2196 ut
1161 2163 1269 2195 oculos

307 2226 431 2255 nostros
462 2221 636 2262 dirigamus
664 2219 702 2251 ad
739 2222 768 2251 te
787 2232 815 2250 n.
852 2217 938 2251 Unde
973 2217 1216 2259 Chrysostomus
1236 2217 1267 2248 ⁷:

313 2288 327 2303 α
345 2275 557 2316 Cognoscant,
582 2282 615 2305 se
644 2281 712 2305 esse
743 2272 901 2310 infirmos,
926 2275 956 2304 et
980 2271 1116 2313 cognitio
1136 2270 1269 2303 infirmi-

309 2329 379 2361 tatis
395 2327 630 2369 glorificationis
646 2335 771 2358 causam
789 2325 1014 2367 exstinguet»,
1039 2324 1131 2366 quia,
1156 2332 1268 2356 secun-

307 2382 382 2414 dum
408 2381 491 2423 qnod
508 2380 624 2413 dicitur
642 2379 734 2421 primi
759 2379 1019 2411 Machabaeorum
1045 2377 1148 2415 tertio,
1178 2386 1269 2409 «non

308 2436 338 2467 in
364 2434 565 2467 multitudine
588 2433 749 2466 exercitus
774 2432 904 2465 victoria
928 2432 1018 2471 belli,
1043 2431 1097 2464 sed
1120 2431 1158 2463 de
1184 2431 1269 2463 caelo

308 2489 459 2521 fortitudo
483 2491 576 2520 est».

380 2671 388 2685 ¹
412 2673 484 2697 Vers.
507 2672 553 2696 ⁴6:
575 2672 625 2696 Nec
645 2670 752 2701 superbi
773 2670 806 2695 ab
827 2670 898 2695 initio
918 2670 1074 2701 placuerunt
1088 2669 1148 2701 tihi,
1163 2669 1209 2694 sed
1224 2670 1271 2694 hu-

311 2716 410 2741 milium
431 2718 489 2745 etc.‚
509 2718 568 2745 post
587 2721 666 2746 quem
682 2714 739 2738 lsai.
759 2713 768 2737 ι1
782 2732 789 2743 ,
810 2713 852 2738 15.

381 2758 391 2772 ²
411 2759 505 2784 iloniil.
528 2758 568 2783 14.
588 2758 612 2782 in
634 2758 720 2782 Matth.
743 2757 773 2788 6,
796 2757 836 2782 12.
867 2756 925 2788 (Op.
946 2756 1110 2788 imperfect).
1132 2757 1190 2781 Post
1210 2763 1270 2789 qra-

310 2806 457 2831 vattextus
476 2802 609 2834 originalis
628 2803 702 2834 plura
723 2802 809 2831 addit,
829 2804 853 2826 ct
873 2808 921 2832 pro
941 2803 965 2827 et
983 2800 1079 2833 verba,
1092 2807 1146 2827 non
1159 2800 1271 2834 suscipit

311 2855 380 2882 quae
398 2848 461 2878 legit
480 2849 504 2872 et
523 2846 617 2877 cerba,
639 2852 687 2872 nec
705 2846 817 2879 suscipit
836 2853 913 2879 quiae.

382 2890 392 2905 ⁸
414 2893 487 2917 Vers.
509 2891 548 2916 13.
569 2894 593 2915 et
616 2891 655 2916 14.
674 2905 709 2909 -
727 2891 817 2916 Glossa
832 2889 1014 2916 interlinearis
1034 2889 1091 2922 (cfr.
1111 2891 1230 2921 August,
1244 2890 1271 2914 11.

312 2938 347 2963 de
366 2938 449 2962 Serm.
470 2936 571 2961 Domini
593 2936 615 2960 in
637 2938 740 2965 monte,
754 2942 775 2960 c.
790 2936 815 2959 9.
830 2942 856 2959 n.
870 2935 910 2959 30.
925 2934 1011 2966 seqq.)
1027 2934 1050 2959 in
1065 2935 1150 2959 Matth.
1173 2934 1201 2965 (i,
1225 2934 1270 2958 ta:

314 2983 339 3007 ln
359 2981 527 3006 tentationem
549 2980 680 3005 inducitur
700 2979 744 3012 qui
765 2979 905 3004 tentatione
926 2979 1060 3010 frangitur.

384 3024 394 3038 ⁴
415 3025 507 3050 Dsalm.
527 3025 574 3055 25,
595 3025 624 3055 2,
645 3027 704 3055 post
723 3030 802 3056 quern
825 3023 901 3048 Eccli.
921 3022 963 3053 34,
978 3023 1001 3047 9.
1022 3029 1092 3055 seq.:
1105 3022 1156 3054 Qui
1170 3029 1219 3047 non
1234 3024 1273 3046 est

313 3073 424 3095 tentatus
443 3069 505 3102 quid
526 3069 618 3094 sciit...
638 3068 687 3100 Qui
707 3075 759 3093 non
779 3070 818 3092 est
837 3070 958 3098 expertus
979 3073 1061 3098 pauca
1082 3066 1255 3098 recognoscit.

383 3112 394 3127 ⁶
416 3114 487 3139 Vers.
508 3114 544 3138 13.
571 3112 622 3139 Csr.
644 3114 670 3137 ll.
691 3113 760 3137 Sent.
780 3112 805 3137 d.
826 3112 868 3136 23.
889 3118 912 3136 a.
943 3112 965 3135 1.
995 3119 1021 3144 q.
1050 3111 1075 3136 3.
1105 3111 1171 3136 Vide
1193 3111 1271 3136 etiam

314 3158 377 3184 ibid.
399 3158 425 3183 d.
445 3158 486 3182 21.
507 3164 530 3182 a.
551 3158 575 3182 2.
596 3164 643 3188 per
662 3160 744 3182 totum
765 3159 789 3181 et
808 3155 871 3181 dub.
892 3156 915 3181 3.
936 3162 992 3188 seq.

384 3201 395 3216 ⁶
418 3203 490 3227 Vers.
512 3202 554 3226 12.

386 3245 395 3259 ⁷
416 3246 508 3271 llomil.
533 3245 572 3270 ¹4.
593 3245 615 3270 in
637 3246 723 3271 Matth.
743 3246 774 3276 6,
796 3245 837 3269 13.
864 3244 923 3276 (Op.
948 3244 1118 3276 imperfect.):
1139 3244 1211 3269 Nunc
1231 3243 1273 3268 ad·

315 3291 385 3317 ditur
405 3290 554 3316 humilitatis
573 3290 704 3320 doctrina,
725 3293 766 3320 ut,
780 3289 844 3314 dum
858 3289 963 3314 dicunt:
984 3289 1024 3315 Ne
1041 3295 1090 3314 nos
1113 3287 1226 3314 inducas
1246 3287 1274 3313 in

315 3335 500 3366 tentationem,
521 3338 695 3366 cognoscant,
714 3341 742 3360 se
754 3340 813 3359 esse
827 3334 956 3365 infirmos,
971 3337 996 3359 et
1009 3333 1184 3358 consideratio
1205 3332 1274 3357 intir-

317 3380 412 3405 mitatis
431 3386 537 3405 causam
558 3379 719 3411 gloriationis
737 3378 893 3410 exstinguat.
912 3391 947 3397 —
965 3377 1089 3410 Sequitur
1114 3377 1130 3402 1.
1155 3376 1273 3403 Machab.

316 3425 345 3457 3,
367 3424 407 3449 19.

1325 458 1386 491 fert
1411 459 1613 492 tentationem
1632 473 1647 488 n
1676 463 1755 498 etc.;
1780 460 1849 492 ideo
1885 460 1939 502 qui
1975 460 2111 502 eripitur
2139 460 2179 492 ab
2202 460 2287 492 omni

1325 513 1408 544 malo
1432 513 1621 545 tentationis
1644 513 1780 554 eripitur
1804 522 1861 554 per
1881 522 2078 555 consequens
2094 522 2112 545 a
2128 513 2210 545 malo
2227 512 2287 545 tri-

1327 565 1524 604 bulationis;
1549 569 1580 598 et
1611 566 1681 598 ideo
1712 575 1773 598 non
1798 569 1922 607 oportet
1946 566 2030 598 ultra
2053 566 2140 598 addi:
2169 565 2286 598 Libera

1326 628 1386 650 nos
1411 628 1433 651 a
1457 619 1557 657 mato,
1582 619 1671 661 quasi
1704 619 1812 660 petitio
1835 619 1962 651 omnino
1985 619 2126 657 diversa,
2152 619 2205 652 sed
2230 627 2287 651 ex-

1325 672 1433 713 plicari
1451 672 1540 714 quasi
1559 672 1590 704 in
1608 672 1667 704 hac
1683 672 1814 704 inclusa.
1835 672 1869 704 Et
1887 672 1946 704 hoc
1962 676 2009 705 est
2022 673 2107 714 quod
2118 672 2194 705 dicit
2206 673 2286 705 Beda

1328 725 1358 756 in
1383 725 1533 757 Glossa⁹:
1563 738 1579 753 «
1595 725 1677 758 Sciat
1701 727 1939 767 unusquisque,
1956 726 1987 757 in
2011 735 2048 758 eo
2072 735 2104 758 se
2129 726 2256 758 liberari
2272 736 2291 759 a

1328 777 1420 815 malo,
1433 777 1517 819 quod
1531 787 1592 810 non
1605 778 1741 810 infertur
1755 778 1785 810 in
1803 778 2006 810 tentationem
2020 791 2049 810 ».
2065 797 2105 801 -
2120 779 2199 811 Finit
2214 788 2290 821 ergo
2308 784 2461 834 {ffirlffiggn

1328 830 1426 862 Lucas
1449 830 1621 863 orationem
1647 831 1678 863 in
1704 831 1897 869 tentatione,
1930 831 1961 863 in
1986 841 2050 873 qua
2080 832 2213 864 dubium
2243 836 2292 865 est

1327 882 1366 915 de
1390 886 1493 920 statu,
1519 883 1567 916 vel
1592 884 1699 925 lapsu;
1725 887 1755 916 et
1772 883 1840 916 ideo
1864 893 1926 916 non
1950 884 2035 916 addit
2060 886 2181 924 Amen,
2206 885 2290 927 quod

1328 938 1375 967 est
1400 935 1550 968 indicium
1586 936 1783 968 certitudinis
1819 936 1969 969 orationis
2004 937 2190 976 exauditae;
2215 938 2290 969 Mat·
2307 943 2432 992 fffflhgggg

1329 988 1441 1020 thaeus
1465 997 1541 1020 vero
1566 989 1596 1020 iu
1634 988 1825 1021 liberatione
1859 989 1901 1021 ab
1926 990 2017 1021 omni
2039 989 2127 1022 malo
2152 999 2288 1032 poenae,

1328 1050 1364 1073 ac
1388 1050 1445 1082 per
1470 1042 1528 1074 hoc
1552 1051 1570 1074 a
1595 1046 1712 1080 morte;
1739 1042 1777 1075 de
1809 1052 1872 1084 qua
1904 1043 2023 1084 primae
2052 1043 2089 1075 ad
2114 1043 2292 1075 Corinthios

1328 1094 1450 1126 decimo
1473 1095 1584 1136 quinto
1599 1096 1641 1127 ¹⁰:
1672 1108 1687 1123 «
1705 1096 1876 1129 Novissime
1898 1100 2004 1128 autem
2028 1096 2211 1129 destruetur
2234 1096 2293 1128 ini-

1329 1148 1408 1180 mica
1432 1157 1566 1187 mors»,
1591 1152 1622 1180 et
1646 1152 1715 1190 post
1739 1149 1816 1181 haec
1840 1152 1887 1182 est
1910 1149 2066 1182 certitudo
2083 1149 2206 1186 salutis;
2224 1149 2293 1182 ideo

1329 1201 1399 1233 finit
1421 1201 1552 1234 dicendo
1579 1203 1701 1240 Amen,
1726 1202 1810 1244 quod
1839 1206 1886 1235 est
1918 1203 2068 1235 indicium
2093 1203 2291 1235 certitudinis

1330 1264 1387 1296 pro
1405 1255 1457 1286 illo
1475 1258 1626 1297 tempore.
1642 1275 1686 1278 —
1699 1256 1756 1288 Sed
1770 1256 2024 1297 qnia-quamdiu
2042 1257 2093 1289 hic
2108 1265 2236 1295 sumus,
2253 1256 2292 1288 ad

1330 1308 1410 1340 hanc
1428 1308 1649 1341 certitudinem
1666 1318 1727 1341 non
1745 1309 1964 1350 pervenimus;
1982 1309 2051 1341 ideo
2069 1309 2160 1342 tacite
2176 1309 2292 1342 dicitur

1329 1365 1360 1394 et
1384 1362 1540 1394 submisse
1564 1371 1581 1394 a
1605 1363 1781 1401 sacerdote,
1798 1372 1870 1395 cum
1889 1366 1993 1395 cetera
2017 1363 2048 1395 in
2074 1363 2164 1395 Missa
2187 1363 2294 1396 dican-

1330 1419 1383 1447 tur
1399 1415 1519 1447 elevata
1535 1424 1610 1448 voce
1625 1417 1660 1447 11.
1676 1434 1717 1439 —
1731 1417 1810 1448 Sunt
1826 1419 1857 1449 et
1872 1416 1951 1448 aliae
1969 1416 2105 1449 rationes
2118 1425 2294 1458 congruen-

1331 1469 1408 1508 tiae;
1434 1468 1487 1501 sed
1513 1469 1588 1501 haec
1613 1469 1749 1502 sufficiat
1772 1469 1810 1502 ad
1834 1477 1993 1511 praesens.

1423 1523 1472 1554 18.
1501 1523 1539 1554 Et
1563 1523 1613 1555 ait
1644 1523 1690 1555 ad
1724 1523 1816 1555 illos:
1843 1523 1925 1564 Quis
1954 1527 2100 1555 vestrum
2132 1526 2189 1556 etc.
2222 1523 2293 1555 Post

1331 1630 1580 1662 incitamentum
1598 1630 1634 1667 ¹²,
1659 1639 1716 1671 per
1744 1629 1829 1672 quod
1861 1630 2046 1661 invitamur·
2067 1630 2104 1662 ad
2139 1629 2294 1662 orandum

1331 1683 1514 1724 frequenter
1539 1687 1569 1715 et
1593 1683 1791 1715 fiducialiter.
1818 1683 1853 1715 Et
1878 1683 1972 1715 habet
1996 1683 2074 1715 haec
2099 1692 2171 1725 pars
2198 1683 2294 1715 duas:

1331 1737 1363 1768 in
1387 1736 1489 1777 prima
1513 1736 1702 1778 proponitur
1727 1736 1964 1769 incitamentum
1990 1736 2027 1768 ad
2050 1736 2212 1768 orationis
2228 1735 2296 1778 fre-

1328 1790 1522 1831 ‚quentiam‚·
1546 1790 1578 1821 in
1613 1790 1750 1822 secunda
1774 1799 1867 1828 vero,
1892 1790 1931 1821 ad
1962 1789 2086 1821 orandi
2111 1788 2294 1831 fiduciam,

1332 1843 1374 1875 ibi
1391 1843 1436 1874 ¹³:
1463 1843 1545 1883 Quis
1577 1847 1688 1875 autem
1712 1853 1751 1875 ex
1775 1842 1866 1875 vobis
1886 1847 2019 1884 putrem
2044 1843 2123 1885 petit
2146 1846 2203 1875 etc.
2236 1843 2296 1875 Ista

1332 1896 1414 1929 enim
1439 1896 1502 1928 duo
1526 1899 1617 1935 sunt,
1642 1905 1723 1938 quae
1741 1896 1879 1928 maxime
1896 1896 2046 1928 orationis
2062 1896 2203 1928 fructum
2224 1905 2296 1928 eva-

1332 1952 1444 1988 cuant,
1470 1949 1587 1982 scilicet
1610 1949 1810 1991 neytiyentia
1833 1952 1864 1982 et
1888 1949 2080 1992 diffidentia.

1422 2003 1511 2035 Circa
1535 2003 1786 2035 incitamentum
1818 2002 2025 2046 frequentiae
2048 2002 2111 2035 duo
2135 2002 2297 2035 insinuan-

1333 2060 1396 2089 tur.
1422 2056 1560 2089 Primum
1579 2060 1626 2089 est
1641 2056 1826 2088 similitudo
1844 2056 2039 2095 incitatiya;
2057 2056 2231 2089 secundum
2248 2061 2295 2089 est

1332 2110 1476 2142 eruditio
1490 2108 1724 2152 informatioa,
1742 2109 1783 2142 ibi
1800 2111 1839 2141 ¹⁴¹:
1857 2110 1895 2141 Et
1906 2119 1963 2152 eyo
1977 2110 2050 2142 dieo
2062 2109 2169 2142 vobis.-
2184 2110 2296 2148 Petite,

1332 2168 1361 2196 et
1386 2163 1523 2196 dabitur
1548 2163 1648 2195 vobis.

1423 2217 1581 2258 Quantum
1608 2220 1714 2249 autem
1739 2217 1776 2249 ad
1809 2216 2062 2249 similitudinem
2087 2216 2295 2248 incitativam

1333 2271 1371 2304 ad
1395 2270 1546 2303 orationis
1569 2270 1778 2312 frequentiam
1805 2269 2053 2302 introducuntur
2070 2269 2138 2301 tria.
2158 2269 2296 2301 Primum

1332 2327 1380 2356 est
1403 2323 1636 2365 opportunitas
1656 2323 1854 2365 postulans‚·
1879 2322 2053 2354 secundum
2080 2325 2127 2354 est
2156 2321 2297 2365 difficul-

1334 2381 1387 2409 tas
1410 2386 1589 2413 recusans:
1614 2376 1742 2409 tertium
1769 2379 1816 2408 est
1840 2375 2079 2417 importunitas
2096 2375 2296 2417 impetrans,

1334 2434 1370 2462 ut
1394 2439 1435 2462 ex
1461 2430 1519 2462 hoc
1554 2429 1757 2466 ostendatur,
1782 2432 1918 2470 quantae
1954 2428 2110 2461 efficaciae
2134 2428 2174 2461 sit
2197 2428 2297 2461 oratio

1334 2484 1515 2525 importuna
1539 2487 1569 2515 et
1594 2483 1751 2515 continua.

1408 2665 1418 2680 ⁸
1438 2668 1512 2692 Vers.
1535 2668 1576 2692 12.

1407 2710 1418 2724 ⁹
1438 2712 1541 2737 Scilicet
1559 2710 1703 2737 ordinaria
1723 2711 1763 2742 (ex
1783 2710 1903 2742 August,
1929 2709 2060 2735 Euchirid.
2080 2716 2102 2734 c.
2124 2710 2184 2734 116.
2204 2716 2230 2735 n.
2250 2710 2298 2740 30,

1336 2764 1416 2789 quem
1436 2757 1554 2789 sequitur
1576 2756 1659 2785 Beda,
1680 2756 1716 2780 ΙΙΙ.
1735 2755 1762 2780 in
1783 2756 1844 2780 Luc.
1868 2755 1912 2784 11,
1933 2755 1958 2779 2.
1977 2755 2062 2786 seqq.)
2077 2754 2149 2785 apud
2163 2755 2294 2785 tyrannm

1336 2801 1361 2826 in
1381 2801 1443 2826 Luc.
1468 2801 1513 2830 tl,
1533 2801 1556 2825 2.
1577 2807 1665 2832 seqq:
1687 2800 1746 2825 ldeo
1766 2799 1836 2824 enim
1858 2799 2001 2823 Matthaeus
2020 2805 2073 2823 non
2093 2798 2140 2823 ait:
2160 2798 2193 2824 Et
2213 2797 2299 2824 libera

1336 2851 1385 2870 nos
1404 2851 1422 2869 a
1441 2844 1529 2875 malo,
1552 2849 1677 2876 tanquam
1706 2843 1839 2868 diversam
1866 2842 2020 2873 petitionem
2040 2845 2163 2873 poneret,
2183 2842 2228 2867 sed
2248 2842 2297 2868 ait:

1336 2888 1390 2915 Sed
1409 2888 1492 2914 libera
1512 2895 1560 2914 nos
1588 2895 1606 2914 a
1632 2887 1721 2919 inalo,
1744 2894 1822 2912 unam
1848 2886 2000 2918 petitionem
2020 2893 2078 2911 esse
2103 2886 2297 2918 demonstrans,

1337 2937 1365 2958 ut
1383 2933 1447 2958 sciat
1468 2933 1663 2965 unusquisque,
1684 2932 1709 2956 in
1729 2939 1760 2956 eo
1789 2938 1817 2956 se
1836 2938 1850 2955 a
1871 2931 1940 2955 malo
1959 2930 2064 2955 liberari
2084 2934 2132 2955 etc.
2159 2931 2207 2956 Pro
2227 2930 2300 2964 quod

1337 2984 1391 3003 non
1410 2977 1524 3002 secunda
1547 2984 1640 3002 manus
1659 2977 1685 3001 in
1707 2977 1727 3001 D
1746 2975 1880 3001 subszituit
1899 2975 1946 3009 qui
1965 2982 2027 3001 non.

1410 3019 1431 3035 ¹⁰
1453 3022 1527 3046 vers.
1547 3022 1595 3046 26:
1615 3019 1769 3052 Novissima
1785 3022 1879 3045 aulem
1899 3023 1948 3044 etc.
1963 3032 1999 3038 —
2012 3020 2049 3044 De
2068 3026 2135 3045 voce
2156 3020 2238 3045 Amen
2250 3020 2297 3045 etr.

1337 3066 1442 3091 Hieron.
1463 3069 1488 3090 et
1507 3066 1590 3096 Beda,
1611 3065 1636 3090 in
1656 3065 1743 3090 Matth.
1763 3065 1794 3095 6,
1817 3064 1857 3088 13.

1410 3109 1430 3123 ¹¹
1450 3110 1520 3135 Alex.
1542 3110 1606 3140 Hal„
1619 3111 1644 3135 S.
1659 3116 1685 3141 p.
1707 3109 1747 3134 lV.
1768 3116 1794 3141 q.
1820 3109 1856 3133 l0.
1877 3110 1908 3133 tr.
1923 3108 1955 3133 de
1969 3108 2060 3133 Officio
2074 3108 2212 3140 missae,§
2234 3107 2257 3133 4.
2271 3108 2298 3133 in

1338 3155 1402 3180 tine:
1423 3154 1522 3185 Duplex
1550 3158 1588 3179 est
1616 3154 1696 3183 ratio,
1726 3160 1808 3186 quare
1833 3152 1945 3186 [Amen]
1965 3152 2060 3178 dicitur
2079 3152 2227 3178 submisse:
2249 3159 2297 3177 una

1337 3203 1376 3224 est
1395 3198 1498 3223 latentia
1518 3198 1635 3223 beneficii
1656 3198 1843 3228 exauditionis,
1862 3197 1912 3222 alia
1932 3200 1971 3222 est
1989 3197 2085 3222 ablatio
2105 3196 2194 3222 iudicii
2215 3200 2299 3222 osten-

1338 3243 1442 3268 tationis
1461 3246 1511 3268 ete.

1410 3285 1432 3300 ¹¹
1452 3286 1503 3312 Csr.
1521 3294 1601 3318 supra
1623 3294 1646 3312 n.
1670 3288 1692 3312 1.

1410 3329 1432 3345 ¹⁸
1452 3331 1526 3356 Vers.
1549 3332 1589 3356 11.
1609 3331 1691 3357 Codd.
1712 3331 1837 3357 ACDFG
1860 3330 1925 3362 Quis
1938 3337 2002 3363 erqo
2016 3338 2051 3357 esc
2064 3330 2138 3357 vohis
2151 3334 2214 3360 etc.;
2229 3329 2299 3355 idem

1338 3376 1449 3402 recurrit
1468 3376 1532 3400 intra
1552 3383 1577 3401 n.
1598 3377 1646 3407 29,
1665 3375 1710 3401 ubi
1731 3376 1751 3401 tt
1770 3375 1875 3401 exhibet
1893 3376 1998 3407 autem,
2020 3375 2092 3408 quod
2113 3374 2154 3400 hic
2172 3373 2275 3400 omittit.

1412 3418 1433 3436 ¹⁴
1453 3420 1528 3445 Vers.
1546 3420 1570 3445 9.

2308 1260 2332 1281 ln
2346 1260 2409 1281 Missa
2421 1260 2452 1282 di-

2329 1287 2383 1317 citur
2405 1287 2451 1308 sub-

2329 1319 2402 1335 misse.

2312 1419 2376 1440 Nota.

2313 1525 2344 1548 De
2356 1525 2452 1547 orationis

2312 1553 2445 1573 incitamento

1330 1577 1512 1618 exemplum
1531 1580 1561 1609 et
1577 1577 1801 1609 documentum
1819 1577 1982 1618 subiungit
1997 1577 2046 1609 hic
2062 1577 2156 1609 tertio
2172 1576 2296 1609 orandi
2332 1579 2435 1626 ⁰¹33?ss

2314 1684 2402 1705 Divisio.

2316 2004 2356 2025 Pro
2374 2003 2444 2025 incita-

2324 2033 2396 2052 mento
2410 2030 2436 2051 ad

2321 2058 2441 2084 frequenter

2310 2085 2412 2106 orandum
2422 2084 2451 2104 in-

2325 2111 2435 2132 sinuantur

2357 2138 2406 2158 duo.

2321 2217 2399 2242 Primo,
2414 2216 2440 2238 de

2312 2244 2448 2265 similitudino

2325 2271 2433 2292 incitativa

2324 2298 2439 2319 atteruntur

2359 2324 2406 2345 tria.
