2476 3921
791 594 1443 719 PROLEGOMENA

604 833 703 888 IN
754 833 1227 890 SEPTIMUM
1278 834 1619 892 TOMUM.

184 1377 213 1402 ln
231 1377 283 1403 hoc
299 1375 412 1409 septimo
430 1377 535 1402 nostrae
553 1375 676 1403 editionis
693 1376 829 1403 volumine
841 1376 996 1403 exhibemus
1008 1383 1077 1409 opus

115 1429 278 1463 exegeticum
287 1429 418 1462 seraphici
428 1429 548 1456 Doctoris
558 1431 630 1456 certo
643 1430 797 1463 genuinum,
808 1429 909 1456 adiecta
920 1429 1077 1463 appendice,

113 1490 182 1518 quae
200 1483 315 1511 continet
332 1482 413 1510 dubia
432 1483 475 1509 vel
487 1483 576 1516 potius
594 1482 730 1515 illegitima
748 1483 886 1515 opuscula.

538 1570 610 1598 CAP.
629 1571 646 1597 Ι.

207 1660 251 1695 De
273 1659 412 1705 genuino
433 1659 465 1694 S.
489 1658 731 1694 Bonaventurae
753 1658 982 1694 Commentario

390 1712 426 1747 in
449 1711 660 1757 Evangelium
682 1711 796 1747 Lucae.

183 1811 370 1839 commentarii
389 1810 468 1837 huius
489 1811 618 1843 prologus
637 1809 741 1843 incipit:
760 1809 881 1845 Spiritus
901 1809 1013 1837 Domini
1031 1817 1075 1838 sw-

108 1871 160 1900 per
180 1871 236 1898 me,
257 1863 385 1897 expositio
404 1869 469 1890 vero
482 1863 652 1896 praelationis
661 1863 688 1889 S.
703 1864 805 1890 Lucae:
820 1862 957 1896 Quoniam
969 1862 1077 1898 quidem

112 1917 194 1946 multi
204 1921 263 1951 etc„
282 1918 333 1944 sic:
352 1917 401 1945 Hic
415 1919 455 1945 est
468 1916 605 1952 proloqus
623 1916 754 1945 auctoris.

182 1972 349 1999 Praeclarum
361 1972 432 1998 hunc
444 1970 671 1998 commentarium
683 1977 742 1997 esse
755 1973 827 1997 certo
841 1971 987 2004 genuinum
1000 1976 1077 2004 opus,

112 2033 128 2053 a
146 2026 211 2053 viris
229 2025 353 2057 eruditis,
372 2024 435 2051 solis
458 2025 574 2058 exceptis
598 2024 745 2051 editoribus
771 2025 892 2057 Venetis,
911 2031 1017 2058 semper
1036 2031 1078 2051 as-

111 2082 211 2106 sertum
229 2082 278 2105 est.
295 2079 340 2105 lsti
356 2085 421 2105 vero
440 2085 578 2112 censores,
591 2078 717 2111 neglectis
735 2078 857 2111 plurimis
875 2078 1038 2111 argumentis
1050 2078 1078 2104 in

113 2133 231 2159 savorem
249 2132 370 2158 Doctoris
394 2131 525 2164 seraphici
553 2131 741 2163 militantibus,
760 2132 811 2157 hoc
835 2138 904 2164 opus
922 2131 957 2158 ad
974 2130 1078 2158 incer-m

112 2186 209 2220 scripta
226 2186 335 2212 reiicere
354 2184 440 2213 conati
459 2187 533 2218 sunt,
552 2185 625 2211 ducti
643 2185 797 2211 ratiunculis
815 2192 879 2211 vere
898 2185 1024 2212 futilibus.

182 2239 199 2272 g
219 2240 243 2265 l.
262 2237 369 2265 Nullius
387 2236 509 2264 momenti
528 2237 592 2264 sunt
610 2236 727 2265 rationes
745 2237 778 2265 ab
798 2237 942 2265 editoribus
969 2237 1078 2265 Venetis

111 2299 156 2330 pro
174 2291 230 2320 ists.
248 2291 367 2327 opinione
385 2290 495 2318 allatae.

182 2345 300 2373 Censura
318 2346 430 2372 istorum
443 2348 499 2372 tum
513 2349 603 2372 contra
616 2344 925 2380 huncCommentarium
945 2348 1001 2372 tum
1015 2352 1078 2372 con-

112 2402 151 2426 tra
169 2399 366 2432 Expositionem
390 2398 517 2425 orationis
545 2398 696 2425 dominicae
723 2399 789 2425 haec
817 2401 857 2425 est
885 2399 938 2433 (ed.
964 2399 1077 2431 Veneta,

112 2455 177 2480 tom.
201 2453 218 2479 l.
246 2451 362 2478 Diatriba
387 2459 450 2485 pag.
478 2451 547 2486 90.):
572 2461 584 2475 ι
598 2452 664 2490 Sunt
682 2452 772 2486 plura,
799 2459 870 2486 quae
897 2452 1012 2479 maxime
1029 2459 1078 2479 nos

112 2508 233 2538 movent,
246 2508 275 2532 ut
287 2508 431 2539 utrumque
444 2507 495 2532 hoc
508 2505 666 2538 opusculum
680 2505 716 2532 ad
728 2506 895 2539 supposititia
908 2505 1077 2539 ablegamus5

112 2563 174 2587 sunt
192 2566 208 2585 e
226 2559 334 2586 diverso
352 2566 422 2593 quae
441 2566 604 2592 magnopere
616 2559 729 2586 alliciant
747 2566 810 2593 nos,
824 2562 853 2586 ut
874 2560 942 2587 inter
960 2560 1077 2593 legitima

112 2613 314 2640 Bonaventurae
332 2620 415 2646 opera
441 2619 637 2640 recenseamus.
656 2612 693 2639 Ac
720 2619 770 2639 nos
794 2620 857 2640 cum
876 2613 969 2647 primis
994 2620 1077 2646 grave

113 2666 210 2699 premit
227 2666 406 2693 testimonium
425 2666 568 2693 Ptolomaei
586 2666 726 2700 Lucensis,
745 2666 896 2694 cuiusmodi
914 2667 998 2694 verba
1016 2670 1078 2694 sunt

113 2719 189 2754 (nist.
209 2721 306 2747 Eccles.
325 2726 384 2753 cap.
403 2719 521 2754 xxul.):
545 2729 558 2744 ι
570 2720 637 2746 Huic
661 2720 862 2746 Bonaventurae
886 2719 1009 2747 Urbanus
1032 2720 1076 2747 lV.

113 2773 167 2800 duo
185 2773 328 2806 Evangelia
348 2773 488 2806 glossanda
506 2772 676 2800 commiserat
682 2783 690 2805 ς
709 2773 757 2810 sed
775 2779 903 2800 excusans
921 2780 951 2799 se
968 2776 1077 2806 propter

112 2827 244 2859 officium,
262 2827 336 2861 quod
364 2826 493 2860 habebat,
521 2826 584 2861 quia
609 2826 731 2860 Magister
758 2826 892 2853 Generalis
916 2828 986 2860 erat,
1004 2826 1077 2853 idem

112 2880 208 2908 Doctor
226 2881 344 2914 Aquinas
362 2880 537 2914 supplevit».

188 2944 201 2959 ι
214 2934 267 2961 Sed
286 2936 315 2961 ut
332 2941 402 2967 opus
429 2935 471 2961 vel
499 2934 589 2968 ipsum
617 2933 844 2967 introspiciamus,
864 2934 1029 2966 incomptum
1052 2936 1079 2960 et

113 2987 262 3014 inornatum
280 2988 386 3015 dicendi
406 2994 506 3020 genus,
524 2987 598 3022 quod
617 2987 707 3014 hocin
719 2987 848 3026 opusculo
862 2987 1078 3020 deprehenditur,

113 3040 177 3067 satis
194 3040 353 3073 suspicionis
371 3039 448 3067 nohis
466 3040 526 3073 dat,
545 3042 574 3066 ut
601 3040 724 3073 spurium
748 3041 951 3067 Bonaventurae
978 3041 1077 3067 foetum

113 3093 271 3120 iudicemus.
289 3094 425 3127 Frequens
444 3093 540 3120 deinde
559 3093 691 3126 expositor
710 3094 758 3120 tuit
781 3094 808 3120 in
827 3094 938 3120 citandis
956 3095 1078 3129 Sallustii,

114 3147 242 3179 Senecae,
261 3147 316 3173 lulii
335 3146 469 3179 Caesaris,
487 3146 593 3174 Catonis
612 3146 699 3179 libris,
718 3153 733 3173 a
752 3146 863 3181 quibus,
885 3150 915 3174 ut
927 3148 1077 3175 coniectura

114 3199 315 3233 consequimur,
334 3206 363 3226 se
381 3199 491 3233 quidem
509 3200 695 3226 Bonaventura
714 3200 880 3227 continuit».

189 3261 203 3275 a
215 3252 352 3285 Ceterum,
371 3255 401 3279 ut
418 3253 539 3280 dicamus
557 3253 631 3287 quod
650 3260 693 3279 res
711 3256 764 3286 est,
784 3253 914 3281 habemus
932 3254 995 3288 alia,
1007 3261 1078 3289 quae

115 3311 165 3331 nos
182 3305 210 3331 in
236 3305 387 3338 oppositam
406 3306 562 3333 sententiam
581 3308 746 3339 pertrahunt.
766 3306 804 3333 Ac
821 3307 940 3340 primum
963 3307 1077 3344 occurrit

116 3358 223 3385 loannes
241 3357 403 3387 Trithemius
421 3359 447 3386 in
466 3359 583 3387 indiculo
602 3361 816 3387 Bonaventurae:
836 3359 927 3395 Super
948 3359 1076 3389 Oratione

1140 1377 1283 1405 Dominica
1301 1378 1345 1406 lib.
1364 1380 1386 1406 Ι.
1404 1381 1437 1406 In
1455 1380 1635 1415 Evangelium
1654 1382 1743 1409 Lucae
1761 1381 1805 1408 lib.
1825 1383 1846 1408 Ι.
1866 1382 2012 1409 Occurrunt
2032 1390 2106 1415 prae-

1141 1433 1225 1463 terea,
1244 1438 1314 1465 quae
1332 1433 1444 1459 Romani
1463 1434 1577 1460 editores
1590 1435 1616 1460 in
1629 1438 1787 1467 argumento
1801 1436 1971 1468 expositionis
1985 1437 2103 1463 eiusdem

1141 1486 1205 1510 tom.
1223 1485 1253 1511 ll.
1270 1485 1446 1518 scripserunt:
1469 1486 1619 1514 «Dicemus
1648 1488 1729 1520 igitur
1758 1489 1809 1514 iam
1835 1489 1869 1515 de
1889 1490 2060 1522 ,expositione
2080 1491 2106 1516 in

1141 1538 1254 1572 Lucam,
1273 1546 1355 1572 quam
1374 1539 1432 1566 eius
1459 1547 1518 1567 esse
1545 1548 1598 1567 non
1627 1541 1713 1567 solum
1732 1542 1893 1569 Trithemius
1912 1543 2039 1576 ostendit,
2059 1544 2107 1569 sed

1141 1592 1219 1624 plane
1237 1592 1401 1619 demonstrat
1429 1594 1562 1626 exemplar
1589 1597 1668 1620 vetus
1691 1594 1862 1627 Vaticanum,
1883 1596 1999 1629 itemque
2018 1603 2107 1623 exem—

1140 1645 1222 1677 plaria
1242 1648 1357 1679 quatuor
1380 1647 1407 1673 in
1435 1647 1525 1679 Belgio
1554 1647 1692 1680 diligenter
1719 1652 1867 1681 asservata,
1887 1656 2002 1683 quorum
2023 1657 2105 1676 unum

1140 1702 1180 1725 est
1207 1699 1395 1733 Gandavense,
1422 1700 1533 1726 alterum
1562 1701 1747 1733 Bruxellense,
1776 1702 1882 1728 tertium
1914 1703 2104 1736 Traiectinum,

1141 1755 1265 1786 quartum
1284 1753 1462 1780 Lovaniense:
1482 1761 1543 1780 cum
1562 1754 1660 1788 quibus
1688 1755 1814 1782 omnibus
1842 1756 1904 1782 olim
1924 1763 1938 1782 a
1955 1757 1983 1783 F.
2003 1758 2106 1783 Matthia

1142 1806 1329 1841 Dordracensi,
1348 1808 1469 1834 Fratrum
1491 1808 1622 1835 Minorum
1651 1809 1806 1836 Germaniae
1832 1810 1959 1837 inferioris
1990 1811 2104 1838 Ministro

1141 1860 1312 1892 provinciali,
1334 1861 1397 1888 olim
1417 1862 1509 1888 collata
1533 1869 1615 1896 quam
1644 1862 1843 1895 diligentissime
1872 1865 1936 1891 haec
1965 1865 2103 1898 expositio,

1142 1921 1211 1941 anno
1239 1915 1401 1941 MDXXXlX
1434 1916 1504 1948 typis
1538 1916 1776 1949 Antverpiensibus
1804 1918 1931 1944 concinne
1962 1918 2105 1951 impressa,

1141 1969 1222 1995 Paulo
1240 1969 1280 1995 111.
1298 1969 1372 1996 Pont.
1391 1970 1456 1995 Max.
1475 1970 1574 2002 prodiit
1601 1970 1628 1996 in
1652 1971 1747 1997 lucem.
1776 1971 1811 1997 Ex
1836 1972 2035 2004 Antverpiensis
2053 1972 2106 1998 edi-

1141 2022 1218 2049 tionis
1236 2025 1297 2055 apte
1309 2025 1434 2057 recteque
1447 2024 1603 2050 emendatae
1624 2025 1766 2058 exemplari
1788 2025 1933 2052 sumsimus
1955 2026 2105 2058 exemplum

1142 2077 1177 2103 ad
1195 2069 1338 2104 editionem
1366 2077 1521 2104 Vaticanam
1549 2079 1631 2111 hanc,
1660 2085 1729 2112 quae
1757 2079 1849 2105 melior
1877 2080 1965 2106 multis
1984 2079 2104 2112 partibus

1143 2129 1245 2156 reddita
1265 2132 1305 2156 est
1322 2130 1516 2163 exemplaribus
1535 2138 1643 2164 quoque
1661 2131 1718 2158 aliis
1730 2141 1756 2158 ».
1777 2132 1848 2158 Haec
1866 2139 1929 2164 nos,
1949 2135 2040 2165 utpote
2059 2133 2105 2166 qui

1143 2183 1206 2209 nihil
1225 2186 1394 2210 contemnere
1411 2184 1540 2217 solemus,
1560 2184 1640 2211 valde
1657 2185 1812 2217 prohibent,
1825 2193 1858 2212 ne
1872 2188 1916 2212 aut
1929 2186 2103 2218 dextrorsum,

1143 2241 1189 2264 aut
1207 2237 1386 2264 sinistrorsum
1405 2237 1574 2270 inclinemus,
1597 2238 1644 2265 sed
1664 2245 1792 2271 suspenso
1821 2246 1976 2265 maneamus
1997 2239 2103 2270 iudicio,

1143 2290 1228 2317 donec
1247 2290 1344 2317 veritas
1361 2289 1438 2316 nobis
1456 2291 1580 2323 affulgeat
1592 2300 1618 2317 n.

1213 2344 1268 2370 Hae
1287 2344 1538 2376 animadversiones,
1557 2347 1689 2378 quatenus
1711 2345 1855 2377 respiciunt
1880 2345 2104 2372 Commentariun]

1140 2398 1169 2424 in
1187 2399 1295 2429 Lucam,
1308 2398 1370 2424 satis
1383 2404 1491 2424 eversae
1504 2400 1565 2424 sunt
1577 2398 1630 2424 iam
1643 2398 1747 2425 saeculo
1760 2399 1938 2431 praeterlapso
1955 2406 1970 2424 a
1983 2399 2104 2432 Magistro

1141 2451 1288 2484 Hyacintho
1301 2450 1424 2478 Sbaralea
1439 2451 1587 2484 (Supplem.
1606 2451 1641 2477 ad
1660 2451 1805 2484 Scriptores
1823 2452 1887 2478 Ord.
1902 2452 1962 2478 Min.
1975 2459 2037 2485 pag.
2054 2452 2103 2478 145

1141 2506 1167 2530 et
1180 2503 1259 2530 etiam
1273 2503 1345 2537 ¹17⁴),
1367 2504 1444 2530 cuius
1456 2503 1539 2530 verba
1558 2511 1573 2530 a
1591 2504 1619 2530 P.
1638 2504 1735 2531 Bonelli
1755 2504 1781 2531 in
1797 2505 1941 2532 Prodromo
1963 2505 2020 2538 (col.
2041 2506 2104 2539 637)

1141 2565 1172 2585 ex
1190 2557 1271 2584 variis
1289 2557 1352 2584 locis
1371 2558 1477 2584 collecta
1496 2558 1535 2583 sic
1553 2556 1720 2584 exhibentur:

1217 2612 1298 2644 «Ego
1317 2614 1396 2645 puto,
1414 2612 1565 2638 Ptolomaeo
1585 2612 1664 2638 ruisse
1683 2612 1863 2646 suppositum,
1877 2615 1922 2639 aut
1934 2612 2102 2646 quorundam

1141 2673 1278 2694 rumorem
1301 2668 1327 2692 et
1345 2665 1523 2692 coniecturam
1542 2668 1672 2692 secutum.
1692 2666 1750 2699 Quo
1770 2666 1841 2692 enim
1854 2669 1932 2699 pacto
1951 2666 2036 2699 potuit
2058 2667 2105 2693 Bo-

1140 2722 1286 2747 naventura
1304 2726 1333 2746 se
1351 2726 1476 2746 excusare
1494 2726 1584 2746 coram
1602 2719 1741 2757 Ponfflice,
1760 2719 1806 2753 qui
1825 2722 1935 2746 noverat
1949 2726 2010 2746 eum
2030 2720 2105 2752 plura

1141 2773 1278 2806 scripsisse
1297 2775 1323 2800 et
1340 2775 1403 2800 tunc
1421 2773 1500 2799 etiam
1519 2772 1649 2805 scribere,
1669 2780 1718 2799 nec
1736 2773 1771 2799 ita
1791 2772 1910 2806 patribus
1932 2772 2104 2799 Comitiorum

1141 2826 1350 2854 Narbonensium
1369 2826 1556 2859 respondisse?
1577 2827 1700 2853 Sanctum
1718 2826 1858 2853 Doctorem
1870 2826 2065 2859 Expositionem
2078 2826 2103 2852 in

1141 2881 1241 2907 Lucam
1259 2880 1404 2907 confecisse
1422 2882 1549 2907 testantur
1574 2883 1635 2906 ante
1654 2879 1828 2906 Trithemium
1849 2879 2007 2906 Octavianus
2027 2880 2105 2906 Sues-

1142 2939 1237 2964 sanus,
1256 2933 1411 2960 Franciscus
1429 2933 1556 2967 Pavinus,
1575 2932 1708 2960 Robertus
1725 2933 1866 2964 Liciensis,
1881 2932 1990 2959 lacobus
2003 2932 2103 2964 Oddus‚

1141 2989 1168 3013 et
1184 2987 1403 3014 Bartholomaeus
1429 2986 1538 3013 Pisanus
1562 2986 1632 3013 circa
1655 2993 1755 3013 annum
1784 2986 1853 3013 ⁴387
1875 2985 2002 3013 scribens.
2022 2986 2105 3012 Ptolo-

1141 3047 1234 3067 maeus
1254 3047 1331 3074 vero,
1351 3040 1398 3067 etsi
1416 3043 1508 3067 auctor
1526 3047 1642 3073 suppar,
1661 3040 1767 3073 scripsit
1785 3040 1928 3066 Historiam
1947 3039 2104 3066 Ecclesiasti-

1141 3101 1200 3120 cam
1220 3095 1303 3121 multo
1331 3097 1391 3127 post
1418 3094 1502 3121 sancti
1529 3094 1650 3120 Doctoris
1677 3093 1794 3125 obitum,
1813 3096 1874 3126 post
1901 3100 2000 3120 annum
2026 3093 2104 3118 43⁴2.

1140 3147 1242 3174 Desinit
1261 3147 1287 3173 in
1305 3154 1348 3174 an.
1370 3148 1379 3173 l
1386 3147 1447 3174 294.
1467 3148 1553 3181 Quare
1572 3147 1657 3180 potuit
1675 3153 1790 3180 errasse,
1810 3146 2039 3180 quemadmodum
2059 3145 2103 3171 lib.

1141 3201 1221 3228 ΧΧΙΙ.
1239 3208 1298 3234 cap.
1317 3201 1397 3232 xxi,
1409 3200 1456 3227 ubi
1469 3200 1559 3232 tradit,
1573 3203 1692 3227 sanctum
1706 3200 1837 3227 Thomam
1849 3199 1973 3226 Coloniae
1986 3200 2105 3226 exsisten-

1140 3258 1194 3282 tem
1206 3261 1342 3281 recusasse
1355 3253 1489 3280 abbatiam
1501 3253 1688 3280 Montiscassini
1700 3260 1748 3286 per
1760 3253 1936 3279 Alexandrum
1953 3252 2104 3278 Pontificem

1141 3303 1272 3340 oblatam,
1291 3314 1353 3334 cum
1372 3307 1399 3334 id
1428 3309 1524 3334 sactum
1552 3307 1630 3333 ruerit
1647 3313 1696 3339 per
1714 3306 1891 3332 innocentium
1910 3307 2049 3339 quartum,
2076 3307 2105 3330 ut

1142 3362 1236 3388 fatetur
1254 3361 1389 3388 Echardus
1408 3364 1479 3388 tomo
1498 3361 1516 3387 l.
1534 3360 1602 3387 Bibl.
1620 3360 1683 3387 Ord.
1701 3359 1794 3386 Praed.
1813 3365 1877 3392 pag.
1895 3359 1956 3385 278.
1979 3358 2006 3384 Si
2024 3358 2104 3384 etiam
