<?xml version="1.0" encoding="UTF-8"?>
<!DOCTYPE html PUBLIC "-//W3C//DTD XHTML 1.0 Transitional//EN"
    "http://www.w3.org/TR/xhtml1/DTD/xhtml1-transitional.dtd">
<html xmlns="http://www.w3.org/1999/xhtml" xml:lang="en" lang="en">
 <head>
  <title>
</title>
<meta http-equiv="Content-Type" content="text/html;charset=utf-8" />
  <meta name='ocr-system' content='tesseract 3.04.00' />
  <meta name='ocr-capabilities' content='ocr_page ocr_carea ocr_par ocr_line ocrx_word'/>
</head>
<body>
  <div class='ocr_page' id='page_1' title='image "./doctorisseraphic07bona_0722.png"; bbox 0 0 2427 3872; ppageno 0'>
   <div class='ocr_carea' id='block_1_1' title="bbox 280 258 928 3424">
    <p class='ocr_par' dir='ltr' id='par_1_1' title="bbox 282 258 670 330">
     <span class='ocr_line' id='line_1_1' title="bbox 282 258 344 289; baseline 0 0"><span class='ocrx_word' id='word_1_1' title='bbox 282 258 344 289; x_wconf 86' lang='lat'>696</span> 
     </span>
     <span class='ocr_line' id='line_1_2' title="bbox 528 297 670 330; baseline -0.021 -5"><span class='ocrx_word' id='word_1_2' title='bbox 528 299 592 325; x_wconf 82' lang='lat' dir='ltr'>CIIR</span> <span class='ocrx_word' id='word_1_3' title='bbox 613 297 670 330; x_wconf 93' lang='grc'>(11)</span> 
     </span>
    </p>

    <p class='ocr_par' dir='ltr' id='par_1_2' title="bbox 280 341 921 636">
     <span class='ocr_line' id='line_1_3' title="bbox 280 341 917 370; baseline -0.009 0"><span class='ocrx_word' id='word_1_4' title='bbox 280 346 426 370; x_wconf 88' lang='lat' dir='ltr'>animarum</span> <span class='ocrx_word' id='word_1_5' title='bbox 454 346 479 368; x_wconf 86' lang='lat' dir='ltr'>ct</span> <span class='ocrx_word' id='word_1_6' title='bbox 507 344 673 368; x_wconf 86' lang='lat' dir='ltr'>consummat</span> <span class='ocrx_word' id='word_1_7' title='bbox 700 341 725 366; x_wconf 92' lang='lat' dir='ltr'>in</span> <span class='ocrx_word' id='word_1_8' title='bbox 756 343 848 366; x_wconf 84' lang='lat' dir='ltr'>octava</span> <span class='ocrx_word' id='word_1_9' title='bbox 880 345 917 364; x_wconf 89' lang='lat' dir='ltr'>re-</span> 
     </span>
     <span class='ocr_line' id='line_1_4' title="bbox 281 383 918 415; baseline -0.013 0"><span class='ocrx_word' id='word_1_10' title='bbox 281 389 447 415; x_wconf 83' lang='lat' dir='ltr'>surrectionis</span> <span class='ocrx_word' id='word_1_11' title='bbox 473 388 515 413; x_wconf 92' lang='lat' dir='ltr'>Vll</span> <span class='ocrx_word' id='word_1_12' title='bbox 545 387 595 413; x_wconf 86' lang='lat'>356</span> <span class='ocrx_word' id='word_1_13' title='bbox 614 386 649 412; x_wconf 89' lang='grc'>70</span> <span class='ocrx_word' id='word_1_14' title='bbox 668 400 703 404; x_wconf 94' lang='lat'>——</span> <span class='ocrx_word' id='word_1_15' title='bbox 728 391 780 410; x_wconf 86' lang='lat' dir='ltr'>non</span> <span class='ocrx_word' id='word_1_16' title='bbox 804 383 918 410; x_wconf 89' lang='lat' dir='ltr'>debebat</span> 
     </span>
     <span class='ocr_line' id='line_1_5' title="bbox 282 428 919 463; baseline -0.011 -4"><span class='ocrx_word' id='word_1_17' title='bbox 282 436 365 460; x_wconf 89' lang='lat' dir='ltr'>facere</span> <span class='ocrx_word' id='word_1_18' title='bbox 394 432 548 458; x_wconf 82' lang='lat' dir='ltr'>miraculum</span> <span class='ocrx_word' id='word_1_19' title='bbox 572 438 622 463; x_wconf 88' lang='lat' dir='ltr'>pro</span> <span class='ocrx_word' id='word_1_20' title='bbox 650 428 853 461; x_wconf 79' lang='lat' dir='ltr'>consanguineis</span> <span class='ocrx_word' id='word_1_21' title='bbox 871 434 919 453; x_wconf 89' lang='lat' dir='ltr'>nec</span> 
     </span>
     <span class='ocr_line' id='line_1_6' title="bbox 282 472 918 510; baseline -0.011 -7"><span class='ocrx_word' id='word_1_22' title='bbox 282 481 389 510; x_wconf 88' lang='lat' dir='ltr'>propter</span> <span class='ocrx_word' id='word_1_23' title='bbox 403 476 586 508; x_wconf 75' lang='lat' dir='ltr'>indigentiam,</span> <span class='ocrx_word' id='word_1_24' title='bbox 600 475 646 500; x_wconf 84' lang='lat' dir='ltr'>sed</span> <span class='ocrx_word' id='word_1_25' title='bbox 657 474 690 500; x_wconf 88' lang='lat' dir='ltr'>ad</span> <span class='ocrx_word' id='word_1_26' title='bbox 702 472 918 499; x_wconf 67' lang='lat' dir='ltr'>manifestandam</span> 
     </span>
     <span class='ocr_line' id='line_1_7' title="bbox 282 518 920 553; baseline -0.013 -5"><span class='ocrx_word' id='word_1_27' title='bbox 282 529 356 548; x_wconf 78' lang='lat' dir='ltr'>suam</span> <span class='ocrx_word' id='word_1_28' title='bbox 386 521 497 553; x_wconf 79' lang='lat' dir='ltr'>gloriam</span> <span class='ocrx_word' id='word_1_29' title='bbox 526 520 560 545; x_wconf 93' lang='lat' dir='ltr'>Vl</span> <span class='ocrx_word' id='word_1_30' title='bbox 584 519 634 544; x_wconf 89' lang='grc'>273</span> <span class='ocrx_word' id='word_1_31' title='bbox 656 519 689 543; x_wconf 66' lang='grc'>’17</span> <span class='ocrx_word' id='word_1_32' title='bbox 708 532 740 537; x_wconf 90' lang='lat'>-—-</span> <span class='ocrx_word' id='word_1_33' title='bbox 762 524 791 542; x_wconf 88' lang='lat' dir='ltr'>se</span> <span class='ocrx_word' id='word_1_34' title='bbox 817 518 920 548; x_wconf 90' lang='lat' dir='ltr'>poterat</span> 
     </span>
     <span class='ocr_line' id='line_1_8' title="bbox 282 555 921 592; baseline -0.011 -1"><span class='ocrx_word' id='word_1_35' title='bbox 282 569 310 592; x_wconf 94' lang='lat' dir='ltr'>ut</span> <span class='ocrx_word' id='word_1_36' title='bbox 324 555 450 591; x_wconf 80' lang='lat' dir='ltr'>Dominus</span> <span class='ocrx_word' id='word_1_37' title='bbox 463 564 629 589; x_wconf 86' lang='lat' dir='ltr'>manifestare</span> <span class='ocrx_word' id='word_1_38' title='bbox 642 561 779 592; x_wconf 87' lang='lat' dir='ltr'>omnibus,</span> <span class='ocrx_word' id='word_1_39' title='bbox 798 561 864 586; x_wconf 88' lang='lat' dir='ltr'>sicut</span> <span class='ocrx_word' id='word_1_40' title='bbox 876 567 921 585; x_wconf 92' lang='lat' dir='ltr'>vo-</span> 
     </span>
     <span class='ocr_line' id='line_1_9' title="bbox 282 608 475 636; baseline -0.016 0"><span class='ocrx_word' id='word_1_41' title='bbox 282 610 351 636; x_wconf 88' lang='lat' dir='ltr'>lebat</span> <span class='ocrx_word' id='word_1_42' title='bbox 371 609 421 634; x_wconf 95' lang='grc'>417</span> <span class='ocrx_word' id='word_1_43' title='bbox 442 608 475 634; x_wconf 86' lang='grc'>34</span> 
     </span>
    </p>

    <p class='ocr_par' dir='ltr' id='par_1_3' title="bbox 282 649 923 1077">
     <span class='ocr_line' id='line_1_10' title="bbox 335 649 920 683; baseline -0.01 -4"><span class='ocrx_word' id='word_1_44' title='bbox 335 667 370 672; x_wconf 92' lang='grc'>-</span> <span class='ocrx_word' id='word_1_45' title='bbox 388 661 402 678; x_wconf 92' lang='grc'>3</span> <span class='ocrx_word' id='word_1_46' title='bbox 423 659 490 678; x_wconf 87' lang='lat' dir='ltr'>nave</span> <span class='ocrx_word' id='word_1_47' title='bbox 508 659 560 678; x_wconf 89' lang='lat' dir='ltr'>non</span> <span class='ocrx_word' id='word_1_48' title='bbox 581 650 750 683; x_wconf 86' lang='lat' dir='ltr'>portabatur,</span> <span class='ocrx_word' id='word_1_49' title='bbox 770 649 816 675; x_wconf 87' lang='lat' dir='ltr'>sed</span> <span class='ocrx_word' id='word_1_50' title='bbox 837 651 920 681; x_wconf 88' lang='lat' dir='ltr'>porta-</span> 
     </span>
     <span class='ocr_line' id='line_1_11' title="bbox 283 695 922 723; baseline -0.009 0"><span class='ocrx_word' id='word_1_51' title='bbox 283 698 327 723; x_wconf 87' lang='lat' dir='ltr'>bat</span> <span class='ocrx_word' id='word_1_52' title='bbox 345 705 403 723; x_wconf 90' lang='lat' dir='ltr'>eam</span> <span class='ocrx_word' id='word_1_53' title='bbox 424 698 457 722; x_wconf 78' lang='lat' dir='ltr'>vt</span> <span class='ocrx_word' id='word_1_54' title='bbox 477 697 528 722; x_wconf 87' lang='grc'>323</span> <span class='ocrx_word' id='word_1_55' title='bbox 548 697 576 722; x_wconf 85' lang='grc'>31</span> <span class='ocrx_word' id='word_1_56' title='bbox 595 711 630 714; x_wconf 83' lang='lat'><strong>—</strong></span> <span class='ocrx_word' id='word_1_57' title='bbox 643 695 738 721; x_wconf 90' lang='lat' dir='ltr'>Divina</span> <span class='ocrx_word' id='word_1_58' title='bbox 757 695 854 719; x_wconf 87' lang='lat' dir='ltr'>virtute</span> <span class='ocrx_word' id='word_1_59' title='bbox 867 699 922 718; x_wconf 85' lang='lat' dir='ltr'>cor-</span> 
     </span>
     <span class='ocr_line' id='line_1_12' title="bbox 283 739 921 775; baseline -0.009 -7"><span class='ocrx_word' id='word_1_60' title='bbox 283 750 333 775; x_wconf 87' lang='lat' dir='ltr'>pus</span> <span class='ocrx_word' id='word_1_61' title='bbox 351 742 444 768; x_wconf 79' lang='lat' dir='ltr'>Christi</span> <span class='ocrx_word' id='word_1_62' title='bbox 457 740 694 773; x_wconf 78' lang='lat' dir='ltr'>superefferebatur</span> <span class='ocrx_word' id='word_1_63' title='bbox 707 739 790 771; x_wconf 75' lang='lat' dir='ltr'>aquis,</span> <span class='ocrx_word' id='word_1_64' title='bbox 809 741 921 770; x_wconf 70' lang='lat' dir='ltr'>utroque</span> 
     </span>
     <span class='ocr_line' id='line_1_13' title="bbox 283 781 920 816; baseline -0.009 -4"><span class='ocrx_word' id='word_1_65' title='bbox 283 787 308 812; x_wconf 95' lang='lat' dir='ltr'>in</span> <span class='ocrx_word' id='word_1_66' title='bbox 328 793 375 811; x_wconf 88' lang='lat' dir='ltr'>sua</span> <span class='ocrx_word' id='word_1_67' title='bbox 403 789 493 811; x_wconf 87' lang='lat' dir='ltr'>natura</span> <span class='ocrx_word' id='word_1_68' title='bbox 519 788 544 810; x_wconf 88' lang='lat' dir='ltr'>et</span> <span class='ocrx_word' id='word_1_69' title='bbox 572 784 731 816; x_wconf 78' lang='lat' dir='ltr'>proprietate</span> <span class='ocrx_word' id='word_1_70' title='bbox 750 783 849 809; x_wconf 76' lang='lat' dir='ltr'>salvato</span> <span class='ocrx_word' id='word_1_71' title='bbox 869 781 920 807; x_wconf 85' lang='grc'>324</span> 
     </span>
     <span class='ocr_line' id='line_1_14' title="bbox 283 827 921 860; baseline -0.006 -5"><span class='ocrx_word' id='word_1_72' title='bbox 283 831 316 855; x_wconf 89' lang='grc'>36</span> <span class='ocrx_word' id='word_1_73' title='bbox 330 845 364 848; x_wconf 68' lang='lat'>-</span> <span class='ocrx_word' id='word_1_74' title='bbox 378 830 522 855; x_wconf 86' lang='lat' dir='ltr'>manifestat</span> <span class='ocrx_word' id='word_1_75' title='bbox 532 829 672 860; x_wconf 87' lang='lat' dir='ltr'>imperium</span> <span class='ocrx_word' id='word_1_76' title='bbox 688 827 829 853; x_wconf 86' lang='lat' dir='ltr'>maiestatis</span> <span class='ocrx_word' id='word_1_77' title='bbox 841 833 921 858; x_wconf 89' lang='lat' dir='ltr'>super</span> 
     </span>
     <span class='ocr_line' id='line_1_15' title="bbox 283 871 921 900; baseline -0.008 0"><span class='ocrx_word' id='word_1_78' title='bbox 283 878 391 900; x_wconf 83' lang='lat' dir='ltr'>ventum</span> <span class='ocrx_word' id='word_1_79' title='bbox 410 877 436 899; x_wconf 92' lang='lat' dir='ltr'>et</span> <span class='ocrx_word' id='word_1_80' title='bbox 456 880 527 898; x_wconf 86' lang='lat' dir='ltr'>mare</span> <span class='ocrx_word' id='word_1_81' title='bbox 549 874 589 898; x_wconf 80' lang='lat' dir='ltr'>Vll</span> <span class='ocrx_word' id='word_1_82' title='bbox 611 873 661 897; x_wconf 89' lang='grc'>199</span> <span class='ocrx_word' id='word_1_83' title='bbox 676 872 709 897; x_wconf 88' lang='grc'>39</span> <span class='ocrx_word' id='word_1_84' title='bbox 722 885 757 891; x_wconf 89' lang='grc'><strong>-</strong></span> <span class='ocrx_word' id='word_1_85' title='bbox 770 871 844 897; x_wconf 83' lang='grc'>561131</span> <span class='ocrx_word' id='word_1_86' title='bbox 857 874 921 896; x_wconf 86' lang='lat' dir='ltr'>tem-</span> 
     </span>
     <span class='ocr_line' id='line_1_16' title="bbox 283 915 920 951; baseline -0.006 -7"><span class='ocrx_word' id='word_1_87' title='bbox 283 922 409 951; x_wconf 87' lang='lat' dir='ltr'>pestatem</span> <span class='ocrx_word' id='word_1_88' title='bbox 430 918 525 943; x_wconf 86' lang='lat' dir='ltr'>virtute</span> <span class='ocrx_word' id='word_1_89' title='bbox 550 917 695 942; x_wconf 90' lang='lat' dir='ltr'>Divinitatis</span> <span class='ocrx_word' id='word_1_90' title='bbox 720 915 782 942; x_wconf 78' lang='lat' dir='ltr'>ibid.</span> <span class='ocrx_word' id='word_1_91' title='bbox 807 916 857 941; x_wconf 87' lang='grc'>200</span> <span class='ocrx_word' id='word_1_92' title='bbox 888 915 920 940; x_wconf 92' lang='grc'>40</span> 
     </span>
     <span class='ocr_line' id='line_1_17' title="bbox 282 961 922 994; baseline -0.006 -6"><span class='ocrx_word' id='word_1_93' title='bbox 282 978 316 982; x_wconf 94' lang='grc'>-</span> <span class='ocrx_word' id='word_1_94' title='bbox 336 964 384 988; x_wconf 82' lang='lat' dir='ltr'>Per</span> <span class='ocrx_word' id='word_1_95' title='bbox 402 962 544 994; x_wconf 90' lang='lat' dir='ltr'>potentiam</span> <span class='ocrx_word' id='word_1_96' title='bbox 565 961 721 987; x_wconf 77' lang='lat' dir='ltr'>ineffabilem</span> <span class='ocrx_word' id='word_1_97' title='bbox 735 961 847 992; x_wconf 77' lang='lat' dir='ltr'>imperat</span> <span class='ocrx_word' id='word_1_98' title='bbox 859 966 922 984; x_wconf 82' lang='lat' dir='ltr'>ven-</span> 
     </span>
     <span class='ocr_line' id='line_1_18' title="bbox 283 1003 923 1038; baseline -0.006 -5"><span class='ocrx_word' id='word_1_99' title='bbox 283 1008 315 1033; x_wconf 90' lang='lat' dir='ltr'>tis</span> <span class='ocrx_word' id='word_1_100' title='bbox 333 1011 358 1033; x_wconf 94' lang='lat' dir='ltr'>et</span> <span class='ocrx_word' id='word_1_101' title='bbox 378 1007 451 1037; x_wconf 82' lang='lat' dir='ltr'>mari,</span> <span class='ocrx_word' id='word_1_102' title='bbox 470 1010 496 1032; x_wconf 90' lang='grc'>61</span> <span class='ocrx_word' id='word_1_103' title='bbox 515 1013 561 1038; x_wconf 91' lang='lat' dir='ltr'>per</span> <span class='ocrx_word' id='word_1_104' title='bbox 586 1005 759 1031; x_wconf 87' lang='lat' dir='ltr'>reverentiam</span> <span class='ocrx_word' id='word_1_105' title='bbox 783 1003 923 1030; x_wconf 86' lang='lat' dir='ltr'>admirabi·</span> 
     </span>
     <span class='ocr_line' id='line_1_19' title="bbox 282 1043 643 1077; baseline -0.006 0"><span class='ocrx_word' id='word_1_106' title='bbox 282 1053 332 1077; x_wconf 70' lang='lat' dir='ltr'>iem</span> <span class='ocrx_word' id='word_1_107' title='bbox 352 1043 477 1077; x_wconf 82' lang='lat' dir='ltr'>obediunt</span> <span class='ocrx_word' id='word_1_108' title='bbox 496 1051 518 1076; x_wconf 80' lang='lat' dir='ltr'>ei</span> <span class='ocrx_word' id='word_1_109' title='bbox 539 1051 590 1075; x_wconf 81' lang='lat'>200</span> <span class='ocrx_word' id='word_1_110' title='bbox 612 1050 643 1075; x_wconf 80' lang='lat'>42</span> 
     </span>
    </p>

    <p class='ocr_par' dir='ltr' id='par_1_4' title="bbox 282 1093 926 1743">
     <span class='ocr_line' id='line_1_20' title="bbox 336 1093 923 1125; baseline -0.007 -3"><span class='ocrx_word' id='word_1_111' title='bbox 336 1110 370 1115; x_wconf 89' lang='lat'><em>-</em></span> <span class='ocrx_word' id='word_1_112' title='bbox 390 1096 505 1121; x_wconf 88' lang='lat' dir='ltr'>ascendit</span> <span class='ocrx_word' id='word_1_113' title='bbox 522 1095 548 1120; x_wconf 96' lang='lat' dir='ltr'>in</span> <span class='ocrx_word' id='word_1_114' title='bbox 568 1094 671 1125; x_wconf 84' lang='lat' dir='ltr'>navim,</span> <span class='ocrx_word' id='word_1_115' title='bbox 692 1093 831 1119; x_wconf 89' lang='lat' dir='ltr'>humilians</span> <span class='ocrx_word' id='word_1_116' title='bbox 844 1100 880 1125; x_wconf 89' lang='lat' dir='ltr'>se,</span> <span class='ocrx_word' id='word_1_117' title='bbox 894 1095 923 1118; x_wconf 85' lang='lat' dir='ltr'>ut</span> 
     </span>
     <span class='ocr_line' id='line_1_21' title="bbox 282 1138 921 1174; baseline -0.006 -8"><span class='ocrx_word' id='word_1_118' title='bbox 282 1141 326 1174; x_wconf 81' lang='lat' dir='ltr'>qui</span> <span class='ocrx_word' id='word_1_119' title='bbox 346 1140 434 1166; x_wconf 90' lang='lat' dir='ltr'>omnia</span> <span class='ocrx_word' id='word_1_120' title='bbox 452 1142 553 1172; x_wconf 86' lang='lat' dir='ltr'>portat,</span> <span class='ocrx_word' id='word_1_121' title='bbox 566 1146 580 1164; x_wconf 89' lang='lat' dir='ltr'>a</span> <span class='ocrx_word' id='word_1_122' title='bbox 600 1139 662 1164; x_wconf 80' lang='lat' dir='ltr'>navi</span> <span class='ocrx_word' id='word_1_123' title='bbox 675 1141 794 1171; x_wconf 89' lang='lat' dir='ltr'>portetur</span> <span class='ocrx_word' id='word_1_124' title='bbox 814 1138 856 1163; x_wconf 94' lang='lat' dir='ltr'>Vll</span> <span class='ocrx_word' id='word_1_125' title='bbox 874 1138 921 1162; x_wconf 85' lang='grc'>113</span> 
     </span>
     <span class='ocr_line' id='line_1_22' title="bbox 284 1183 922 1215; baseline -0.005 -5"><span class='ocrx_word' id='word_1_126' title='bbox 284 1185 298 1210; x_wconf 93' lang='grc'>4</span> <span class='ocrx_word' id='word_1_127' title='bbox 317 1199 353 1204; x_wconf 94' lang='grc'><strong>-</strong></span> <span class='ocrx_word' id='word_1_128' title='bbox 371 1185 488 1210; x_wconf 84' lang='grc'>3566111111</span> <span class='ocrx_word' id='word_1_129' title='bbox 507 1185 532 1209; x_wconf 89' lang='grc'>111</span> <span class='ocrx_word' id='word_1_130' title='bbox 547 1184 634 1209; x_wconf 88' lang='lat' dir='ltr'>navim</span> <span class='ocrx_word' id='word_1_131' title='bbox 650 1183 763 1209; x_wconf 83' lang='lat' dir='ltr'>Simonis</span> <span class='ocrx_word' id='word_1_132' title='bbox 777 1183 863 1215; x_wconf 87' lang='lat' dir='ltr'>ipsum</span> <span class='ocrx_word' id='word_1_133' title='bbox 877 1183 922 1208; x_wconf 91' lang='lat' dir='ltr'>hu-</span> 
     </span>
     <span class='ocr_line' id='line_1_23' title="bbox 282 1228 922 1261; baseline -0.003 -6"><span class='ocrx_word' id='word_1_134' title='bbox 282 1230 376 1255; x_wconf 83' lang='lat' dir='ltr'>militer</span> <span class='ocrx_word' id='word_1_135' title='bbox 394 1229 568 1261; x_wconf 86' lang='lat' dir='ltr'>supplicando</span> <span class='ocrx_word' id='word_1_136' title='bbox 598 1228 648 1254; x_wconf 87' lang='grc'>114</span> <span class='ocrx_word' id='word_1_137' title='bbox 677 1229 693 1254; x_wconf 87' lang='grc'>5</span> <span class='ocrx_word' id='word_1_138' title='bbox 716 1242 751 1247; x_wconf 95' lang='grc'><strong>-</strong></span> <span class='ocrx_word' id='word_1_139' title='bbox 777 1228 922 1254; x_wconf 81' lang='lat' dir='ltr'>ascendens</span> 
     </span>
     <span class='ocr_line' id='line_1_24' title="bbox 282 1273 923 1306; baseline -0.005 -6"><span class='ocrx_word' id='word_1_140' title='bbox 282 1281 343 1300; x_wconf 89' lang='lat' dir='ltr'>cum</span> <span class='ocrx_word' id='word_1_141' title='bbox 371 1274 506 1306; x_wconf 87' lang='lat' dir='ltr'>discipulis</span> <span class='ocrx_word' id='word_1_142' title='bbox 531 1274 555 1299; x_wconf 93' lang='lat' dir='ltr'>in</span> <span class='ocrx_word' id='word_1_143' title='bbox 579 1274 727 1299; x_wconf 91' lang='lat' dir='ltr'>naviculam</span> <span class='ocrx_word' id='word_1_144' title='bbox 757 1273 871 1298; x_wconf 80' lang='lat' dir='ltr'>ostendit</span> <span class='ocrx_word' id='word_1_145' title='bbox 894 1279 923 1297; x_wconf 89' lang='lat' dir='ltr'>se</span> 
     </span>
     <span class='ocr_line' id='line_1_25' title="bbox 282 1317 922 1349; baseline -0.003 -5"><span class='ocrx_word' id='word_1_146' title='bbox 282 1319 319 1344; x_wconf 85' lang='lat' dir='ltr'>eis</span> <span class='ocrx_word' id='word_1_147' title='bbox 338 1319 448 1344; x_wconf 82' lang='lat' dir='ltr'>similem</span> <span class='ocrx_word' id='word_1_148' title='bbox 469 1319 494 1344; x_wconf 92' lang='lat' dir='ltr'>in</span> <span class='ocrx_word' id='word_1_149' title='bbox 513 1321 603 1344; x_wconf 87' lang='lat' dir='ltr'>natura</span> <span class='ocrx_word' id='word_1_150' title='bbox 623 1321 649 1343; x_wconf 88' lang='lat' dir='ltr'>et</span> <span class='ocrx_word' id='word_1_151' title='bbox 666 1317 808 1349; x_wconf 77' lang='lat' dir='ltr'>indigentia</span> <span class='ocrx_word' id='word_1_152' title='bbox 824 1317 873 1342; x_wconf 89' lang='grc'>199</span> <span class='ocrx_word' id='word_1_153' title='bbox 888 1317 922 1342; x_wconf 88' lang='grc'>35</span> 
     </span>
     <span class='ocr_line' id='line_1_26' title="bbox 282 1362 923 1395; baseline -0.005 -6"><span class='ocrx_word' id='word_1_154' title='bbox 282 1378 317 1382; x_wconf 75' lang='lat'>—</span> <span class='ocrx_word' id='word_1_155' title='bbox 337 1370 397 1389; x_wconf 89' lang='lat' dir='ltr'>cum</span> <span class='ocrx_word' id='word_1_156' title='bbox 418 1363 554 1395; x_wconf 76' lang='lat' dir='ltr'>discipulis</span> <span class='ocrx_word' id='word_1_157' title='bbox 573 1362 663 1388; x_wconf 78' lang='lat' dir='ltr'>transit</span> <span class='ocrx_word' id='word_1_158' title='bbox 675 1363 700 1387; x_wconf 91' lang='lat' dir='ltr'>in</span> <span class='ocrx_word' id='word_1_159' title='bbox 715 1362 774 1387; x_wconf 89' lang='lat' dir='ltr'>navi</span> <span class='ocrx_word' id='word_1_160' title='bbox 790 1368 837 1394; x_wconf 91' lang='lat' dir='ltr'>per</span> <span class='ocrx_word' id='word_1_161' title='bbox 850 1368 923 1387; x_wconf 88' lang='lat' dir='ltr'>mare</span> 
     </span>
     <span class='ocr_line' id='line_1_27' title="bbox 283 1407 923 1439; baseline -0.003 -6"><span class='ocrx_word' id='word_1_162' title='bbox 283 1408 375 1433; x_wconf 83' lang='lat' dir='ltr'>mundi</span> <span class='ocrx_word' id='word_1_163' title='bbox 395 1408 441 1433; x_wconf 95' lang='grc'>201</span> <span class='ocrx_word' id='word_1_164' title='bbox 467 1407 499 1433; x_wconf 87' lang='grc'>43</span> <span class='ocrx_word' id='word_1_165' title='bbox 520 1421 555 1426; x_wconf 95' lang='grc'><strong>-</strong></span> <span class='ocrx_word' id='word_1_166' title='bbox 584 1413 657 1432; x_wconf 85' lang='grc'>111316</span> <span class='ocrx_word' id='word_1_167' title='bbox 676 1407 775 1439; x_wconf 49' lang='grc' dir='ltr'>631631,Ἰ</span> <span class='ocrx_word' id='word_1_168' title='bbox 789 1407 874 1438; x_wconf 85' lang='grc'>1113631</span> <span class='ocrx_word' id='word_1_169' title='bbox 898 1409 923 1431; x_wconf 87' lang='grc'>61</span> 
     </span>
     <span class='ocr_line' id='line_1_28' title="bbox 284 1450 924 1482; baseline -0.002 -5"><span class='ocrx_word' id='word_1_170' title='bbox 284 1450 444 1477; x_wconf 82' lang='lat' dir='ltr'>transvo‘lare</span> <span class='ocrx_word' id='word_1_171' title='bbox 458 1451 525 1482; x_wconf 88' lang='lat' dir='ltr'>facit,</span> <span class='ocrx_word' id='word_1_172' title='bbox 539 1451 717 1477; x_wconf 82' lang='lat' dir='ltr'>tribulationes</span> <span class='ocrx_word' id='word_1_173' title='bbox 730 1451 846 1476; x_wconf 88' lang='lat' dir='ltr'>fidelium</span> <span class='ocrx_word' id='word_1_174' title='bbox 861 1457 924 1482; x_wconf 86' lang='lat' dir='ltr'>sup-</span> 
     </span>
     <span class='ocr_line' id='line_1_29' title="bbox 283 1494 924 1527; baseline -0.002 -7"><span class='ocrx_word' id='word_1_175' title='bbox 283 1496 441 1527; x_wconf 82' lang='lat' dir='ltr'>peditando,</span> <span class='ocrx_word' id='word_1_176' title='bbox 469 1496 613 1527; x_wconf 81' lang='lat' dir='ltr'>mitigando</span> <span class='ocrx_word' id='word_1_177' title='bbox 633 1498 659 1521; x_wconf 90' lang='lat' dir='ltr'>et</span> <span class='ocrx_word' id='word_1_178' title='bbox 677 1502 780 1521; x_wconf 89' lang='lat' dir='ltr'>cessare</span> <span class='ocrx_word' id='word_1_179' title='bbox 805 1494 924 1520; x_wconf 88' lang='lat' dir='ltr'>faciendo</span> 
     </span>
     <span class='ocr_line' id='line_1_30' title="bbox 284 1539 925 1571; baseline -0.003 -6"><span class='ocrx_word' id='word_1_180' title='bbox 284 1541 316 1566; x_wconf 92' lang='lat' dir='ltr'>Vl</span> <span class='ocrx_word' id='word_1_181' title='bbox 338 1540 389 1565; x_wconf 84' lang='lat'>569</span> <span class='ocrx_word' id='word_1_182' title='bbox 408 1547 434 1565; x_wconf 94' lang='lat' dir='ltr'>v.</span> <span class='ocrx_word' id='word_1_183' title='bbox 455 1540 488 1565; x_wconf 87' lang='grc'>36</span> <span class='ocrx_word' id='word_1_184' title='bbox 507 1555 542 1558; x_wconf 91' lang='grc'><strong>-</strong></span> <span class='ocrx_word' id='word_1_185' title='bbox 561 1540 646 1571; x_wconf 90' lang='lat' dir='ltr'>placat</span> <span class='ocrx_word' id='word_1_186' title='bbox 673 1547 746 1565; x_wconf 90' lang='lat' dir='ltr'>mare</span> <span class='ocrx_word' id='word_1_187' title='bbox 775 1539 925 1571; x_wconf 88' lang='lat' dir='ltr'>temporalis</span> 
     </span>
     <span class='ocr_line' id='line_1_31' title="bbox 285 1582 925 1614; baseline -0.005 -4"><span class='ocrx_word' id='word_1_188' title='bbox 285 1585 405 1610; x_wconf 76' lang='lat' dir='ltr'>miseriae</span> <span class='ocrx_word' id='word_1_189' title='bbox 425 1585 475 1609; x_wconf 84' lang='lat'>566</span> <span class='ocrx_word' id='word_1_190' title='bbox 497 1584 511 1610; x_wconf 86' lang='lat'>4</span> <span class='ocrx_word' id='word_1_191' title='bbox 532 1599 565 1603; x_wconf 93' lang='lat'>—-</span> <span class='ocrx_word' id='word_1_192' title='bbox 583 1585 665 1610; x_wconf 90' lang='lat' dir='ltr'>calcat</span> <span class='ocrx_word' id='word_1_193' title='bbox 682 1591 754 1609; x_wconf 87' lang='lat' dir='ltr'>mare</span> <span class='ocrx_word' id='word_1_194' title='bbox 775 1582 925 1614; x_wconf 82' lang='lat' dir='ltr'>negotiatio-</span> 
     </span>
     <span class='ocr_line' id='line_1_32' title="bbox 285 1627 925 1661; baseline -0.005 -7"><span class='ocrx_word' id='word_1_195' title='bbox 285 1629 326 1654; x_wconf 85' lang='lat' dir='ltr'>nis</span> <span class='ocrx_word' id='word_1_196' title='bbox 345 1629 495 1654; x_wconf 88' lang='lat' dir='ltr'>mundanae</span> <span class='ocrx_word' id='word_1_197' title='bbox 520 1628 552 1655; x_wconf 82' lang='lat' dir='ltr'>ib.</span> <span class='ocrx_word' id='word_1_198' title='bbox 573 1629 589 1654; x_wconf 89' lang='lat'>5</span> <span class='ocrx_word' id='word_1_199' title='bbox 608 1643 643 1646; x_wconf 92' lang='lat'>—</span> <span class='ocrx_word' id='word_1_200' title='bbox 662 1631 776 1661; x_wconf 85' lang='lat' dir='ltr'>quatuor</span> <span class='ocrx_word' id='word_1_201' title='bbox 800 1627 925 1652; x_wconf 86' lang='lat' dir='ltr'>miracula</span> 
     </span>
     <span class='ocr_line' id='line_1_33' title="bbox 287 1670 926 1703; baseline -0.005 -5"><span class='ocrx_word' id='word_1_202' title='bbox 287 1673 346 1699; x_wconf 90' lang='lat' dir='ltr'>fecit</span> <span class='ocrx_word' id='word_1_203' title='bbox 365 1673 389 1698; x_wconf 93' lang='lat' dir='ltr'>in</span> <span class='ocrx_word' id='word_1_204' title='bbox 410 1674 475 1698; x_wconf 89' lang='lat' dir='ltr'>mari</span> <span class='ocrx_word' id='word_1_205' title='bbox 495 1673 528 1699; x_wconf 86' lang='lat' dir='ltr'>ib.</span> <span class='ocrx_word' id='word_1_206' title='bbox 549 1674 573 1698; x_wconf 93' lang='grc'>1.</span> <span class='ocrx_word' id='word_1_207' title='bbox 593 1673 644 1698; x_wconf 85' lang='grc'>567</span> <span class='ocrx_word' id='word_1_208' title='bbox 665 1673 680 1697; x_wconf 90' lang='grc'>6</span> <span class='ocrx_word' id='word_1_209' title='bbox 699 1686 734 1691; x_wconf 89' lang='grc'>-</span> <span class='ocrx_word' id='word_1_210' title='bbox 755 1671 859 1703; x_wconf 82' lang='lat' dir='ltr'>Triplex</span> <span class='ocrx_word' id='word_1_211' title='bbox 880 1670 926 1696; x_wconf 90' lang='lat' dir='ltr'>mi-</span> 
     </span>
     <span class='ocr_line' id='line_1_34' title="bbox 285 1717 651 1743; baseline -0.003 0"><span class='ocrx_word' id='word_1_212' title='bbox 285 1718 401 1743; x_wconf 85' lang='lat' dir='ltr'>raculum</span> <span class='ocrx_word' id='word_1_213' title='bbox 422 1718 446 1743; x_wconf 90' lang='lat' dir='ltr'>in</span> <span class='ocrx_word' id='word_1_214' title='bbox 467 1718 532 1743; x_wconf 88' lang='lat' dir='ltr'>mari</span> <span class='ocrx_word' id='word_1_215' title='bbox 551 1718 602 1743; x_wconf 87' lang='grc'>323</span> <span class='ocrx_word' id='word_1_216' title='bbox 623 1717 651 1742; x_wconf 92' lang='grc'>31</span> 
     </span>
    </p>

    <p class='ocr_par' dir='ltr' id='par_1_5' title="bbox 285 1760 926 2327">
     <span class='ocr_line' id='line_1_35' title="bbox 338 1760 926 1787; baseline -0.005 0"><span class='ocrx_word' id='word_1_217' title='bbox 338 1777 373 1780; x_wconf 82' lang='lat'>——</span> <span class='ocrx_word' id='word_1_218' title='bbox 392 1761 516 1787; x_wconf 88' lang='lat' dir='ltr'>Liberalis</span> <span class='ocrx_word' id='word_1_219' title='bbox 536 1761 713 1786; x_wconf 80' lang='lat' dir='ltr'>munificentia</span> <span class='ocrx_word' id='word_1_220' title='bbox 732 1760 825 1786; x_wconf 82' lang='lat' dir='ltr'>Christi</span> <span class='ocrx_word' id='word_1_221' title='bbox 844 1760 869 1785; x_wconf 93' lang='lat' dir='ltr'>in</span> <span class='ocrx_word' id='word_1_222' title='bbox 883 1766 926 1785; x_wconf 80' lang='lat' dir='ltr'>re-</span> 
     </span>
     <span class='ocr_line' id='line_1_36' title="bbox 286 1803 925 1831; baseline -0.005 0"><span class='ocrx_word' id='word_1_223' title='bbox 286 1805 396 1831; x_wconf 70' lang='lat' dir='ltr'>fectione</span> <span class='ocrx_word' id='word_1_224' title='bbox 415 1805 589 1831; x_wconf 83' lang='lat' dir='ltr'>multitudinis</span> <span class='ocrx_word' id='word_1_225' title='bbox 610 1805 651 1830; x_wconf 85' lang='lat' dir='ltr'>Vll</span> <span class='ocrx_word' id='word_1_226' title='bbox 671 1805 721 1830; x_wconf 85' lang='grc'>223</span> <span class='ocrx_word' id='word_1_227' title='bbox 742 1804 775 1829; x_wconf 91' lang='grc'>24</span> <span class='ocrx_word' id='word_1_228' title='bbox 794 1818 829 1822; x_wconf 95' lang='lat'>——</span> <span class='ocrx_word' id='word_1_229' title='bbox 843 1803 925 1829; x_wconf 93' lang='lat' dir='ltr'>multi-</span> 
     </span>
     <span class='ocr_line' id='line_1_37' title="bbox 286 1848 925 1881; baseline -0.003 -6"><span class='ocrx_word' id='word_1_230' title='bbox 286 1850 384 1881; x_wconf 84' lang='lat' dir='ltr'>plicans</span> <span class='ocrx_word' id='word_1_231' title='bbox 404 1856 486 1881; x_wconf 90' lang='lat' dir='ltr'>panes</span> <span class='ocrx_word' id='word_1_232' title='bbox 505 1849 619 1881; x_wconf 83' lang='lat' dir='ltr'>respexit</span> <span class='ocrx_word' id='word_1_233' title='bbox 638 1849 664 1874; x_wconf 91' lang='lat' dir='ltr'>in</span> <span class='ocrx_word' id='word_1_234' title='bbox 683 1849 784 1874; x_wconf 89' lang='lat' dir='ltr'>caelum</span> <span class='ocrx_word' id='word_1_235' title='bbox 799 1848 925 1874; x_wconf 77' lang='grc'>6111101111-</span> 
     </span>
     <span class='ocr_line' id='line_1_38' title="bbox 287 1893 924 1925; baseline -0.002 -6"><span class='ocrx_word' id='word_1_236' title='bbox 287 1894 357 1920; x_wconf 89' lang='lat' dir='ltr'>litate</span> <span class='ocrx_word' id='word_1_237' title='bbox 376 1895 499 1925; x_wconf 85' lang='lat' dir='ltr'>humana,</span> <span class='ocrx_word' id='word_1_238' title='bbox 520 1893 651 1919; x_wconf 74' lang='lat' dir='ltr'>benedixit</span> <span class='ocrx_word' id='word_1_239' title='bbox 670 1900 701 1918; x_wconf 90' lang='lat' dir='ltr'>ex</span> <span class='ocrx_word' id='word_1_240' title='bbox 721 1893 817 1918; x_wconf 91' lang='lat' dir='ltr'>virtute</span> <span class='ocrx_word' id='word_1_241' title='bbox 835 1893 924 1919; x_wconf 90' lang='lat' dir='ltr'>divina</span> 
     </span>
     <span class='ocr_line' id='line_1_39' title="bbox 287 1937 925 1970; baseline 0 -7"><span class='ocrx_word' id='word_1_242' title='bbox 287 1937 320 1964; x_wconf 83' lang='lat' dir='ltr'>ib.</span> <span class='ocrx_word' id='word_1_243' title='bbox 343 1939 377 1963; x_wconf 85' lang='grc'>25</span> <span class='ocrx_word' id='word_1_244' title='bbox 395 1952 431 1956; x_wconf 94' lang='grc'><strong>-</strong></span> <span class='ocrx_word' id='word_1_245' title='bbox 453 1938 555 1969; x_wconf 82' lang='lat' dir='ltr'>accepit</span> <span class='ocrx_word' id='word_1_246' title='bbox 582 1945 663 1969; x_wconf 87' lang='lat' dir='ltr'>panes</span> <span class='ocrx_word' id='word_1_247' title='bbox 691 1938 724 1963; x_wconf 92' lang='lat' dir='ltr'>ad</span> <span class='ocrx_word' id='word_1_248' title='bbox 754 1938 925 1970; x_wconf 87' lang='lat' dir='ltr'>multiplican-</span> 
     </span>
     <span class='ocr_line' id='line_1_40' title="bbox 285 1982 923 2014; baseline 0.002 -7"><span class='ocrx_word' id='word_1_249' title='bbox 285 1983 359 2013; x_wconf 85' lang='lat' dir='ltr'>dum,</span> <span class='ocrx_word' id='word_1_250' title='bbox 379 1982 474 2014; x_wconf 81' lang='lat' dir='ltr'>gratias</span> <span class='ocrx_word' id='word_1_251' title='bbox 501 1982 555 2013; x_wconf 83' lang='lat' dir='ltr'>egit</span> <span class='ocrx_word' id='word_1_252' title='bbox 573 1983 605 2008; x_wconf 92' lang='lat' dir='ltr'>ad</span> <span class='ocrx_word' id='word_1_253' title='bbox 626 1982 852 2014; x_wconf 83' lang='lat' dir='ltr'>benedicendum,</span> <span class='ocrx_word' id='word_1_254' title='bbox 871 1983 923 2008; x_wconf 87' lang='lat' dir='ltr'>dis-</span> 
     </span>
     <span class='ocr_line' id='line_1_41' title="bbox 287 2027 923 2053; baseline 0.002 -1"><span class='ocrx_word' id='word_1_255' title='bbox 287 2027 377 2052; x_wconf 87' lang='lat' dir='ltr'>tribuit</span> <span class='ocrx_word' id='word_1_256' title='bbox 395 2027 428 2052; x_wconf 89' lang='lat' dir='ltr'>ad</span> <span class='ocrx_word' id='word_1_257' title='bbox 447 2027 617 2052; x_wconf 85' lang='lat' dir='ltr'>reficiendum</span> <span class='ocrx_word' id='word_1_258' title='bbox 647 2027 679 2052; x_wconf 84' lang='lat' dir='ltr'>Vl</span> <span class='ocrx_word' id='word_1_259' title='bbox 700 2027 751 2053; x_wconf 87' lang='lat'>565</span> <span class='ocrx_word' id='word_1_260' title='bbox 775 2028 781 2051; x_wconf 93' lang='grc'>1</span> <span class='ocrx_word' id='word_1_261' title='bbox 812 2041 846 2046; x_wconf 94' lang='grc'><strong>-</strong></span> <span class='ocrx_word' id='word_1_262' title='bbox 871 2034 923 2053; x_wconf 92' lang='lat' dir='ltr'>non</span> 
     </span>
     <span class='ocr_line' id='line_1_42' title="bbox 285 2072 925 2104; baseline 0.002 -8"><span class='ocrx_word' id='word_1_263' title='bbox 285 2072 385 2097; x_wconf 85' lang='lat' dir='ltr'>creavit</span> <span class='ocrx_word' id='word_1_264' title='bbox 403 2079 486 2096; x_wconf 87' lang='lat' dir='ltr'>novos</span> <span class='ocrx_word' id='word_1_265' title='bbox 505 2078 598 2103; x_wconf 84' lang='grc'>1131165,</span> <span class='ocrx_word' id='word_1_266' title='bbox 617 2072 662 2097; x_wconf 85' lang='grc'>5611</span> <span class='ocrx_word' id='word_1_267' title='bbox 689 2072 870 2104; x_wconf 83' lang='lat' dir='ltr'>multiplicavit</span> <span class='ocrx_word' id='word_1_268' title='bbox 888 2072 925 2097; x_wconf 92' lang='lat' dir='ltr'>di-</span> 
     </span>
     <span class='ocr_line' id='line_1_43' title="bbox 286 2115 925 2149; baseline 0.003 -9"><span class='ocrx_word' id='word_1_269' title='bbox 286 2116 348 2141; x_wconf 62' lang='lat' dir='ltr'>vina</span> <span class='ocrx_word' id='word_1_270' title='bbox 375 2115 555 2141; x_wconf 87' lang='lat' dir='ltr'>benedictione</span> <span class='ocrx_word' id='word_1_271' title='bbox 582 2117 624 2142; x_wconf 88' lang='lat' dir='ltr'>Vll</span> <span class='ocrx_word' id='word_1_272' title='bbox 656 2116 707 2142; x_wconf 89' lang='grc'>224</span> <span class='ocrx_word' id='word_1_273' title='bbox 736 2117 769 2142; x_wconf 85' lang='grc'>28</span> <span class='ocrx_word' id='word_1_274' title='bbox 789 2131 823 2135; x_wconf 83' lang='lat'>—</span> <span class='ocrx_word' id='word_1_275' title='bbox 843 2124 925 2149; x_wconf 89' lang='lat' dir='ltr'>panes</span> 
     </span>
     <span class='ocr_line' id='line_1_44' title="bbox 288 2161 926 2193; baseline 0.002 -7"><span class='ocrx_word' id='word_1_276' title='bbox 288 2161 468 2192; x_wconf 75' lang='lat' dir='ltr'>multiplicavit</span> <span class='ocrx_word' id='word_1_277' title='bbox 493 2168 523 2186; x_wconf 91' lang='lat' dir='ltr'>ex</span> <span class='ocrx_word' id='word_1_278' title='bbox 552 2168 632 2193; x_wconf 86' lang='lat' dir='ltr'>parva</span> <span class='ocrx_word' id='word_1_279' title='bbox 653 2161 776 2193; x_wconf 87' lang='lat' dir='ltr'>materia,</span> <span class='ocrx_word' id='word_1_280' title='bbox 796 2164 824 2187; x_wconf 89' lang='lat' dir='ltr'>ut</span> <span class='ocrx_word' id='word_1_281' title='bbox 843 2164 926 2187; x_wconf 86' lang='lat' dir='ltr'>osten-</span> 
     </span>
     <span class='ocr_line' id='line_1_45' title="bbox 286 2205 925 2232; baseline 0.002 -2"><span class='ocrx_word' id='word_1_282' title='bbox 286 2206 358 2231; x_wconf 85' lang='lat' dir='ltr'>deret</span> <span class='ocrx_word' id='word_1_283' title='bbox 378 2212 406 2230; x_wconf 88' lang='lat' dir='ltr'>se</span> <span class='ocrx_word' id='word_1_284' title='bbox 425 2208 569 2231; x_wconf 85' lang='lat' dir='ltr'>creatorem</span> <span class='ocrx_word' id='word_1_285' title='bbox 589 2206 621 2232; x_wconf 93' lang='lat' dir='ltr'>Vl</span> <span class='ocrx_word' id='word_1_286' title='bbox 641 2207 688 2231; x_wconf 88' lang='grc'>321</span> <span class='ocrx_word' id='word_1_287' title='bbox 713 2207 746 2231; x_wconf 91' lang='grc'>20</span> <span class='ocrx_word' id='word_1_288' title='bbox 765 2205 925 2232; x_wconf 88' lang='lat' dir='ltr'>—faciebat</span> 
     </span>
     <span class='ocr_line' id='line_1_46' title="bbox 287 2250 926 2284; baseline 0.003 -10"><span class='ocrx_word' id='word_1_289' title='bbox 287 2250 410 2276; x_wconf 81' lang='lat' dir='ltr'>miracula</span> <span class='ocrx_word' id='word_1_290' title='bbox 425 2257 455 2276; x_wconf 84' lang='lat' dir='ltr'>ex</span> <span class='ocrx_word' id='word_1_291' title='bbox 469 2250 585 2277; x_wconf 87' lang='lat' dir='ltr'>subiecta</span> <span class='ocrx_word' id='word_1_292' title='bbox 600 2251 707 2276; x_wconf 84' lang='lat' dir='ltr'>materia</span> <span class='ocrx_word' id='word_1_293' title='bbox 722 2254 830 2283; x_wconf 88' lang='lat' dir='ltr'>propter</span> <span class='ocrx_word' id='word_1_294' title='bbox 842 2258 926 2284; x_wconf 87' lang='lat' dir='ltr'>quan-</span> 
     </span>
     <span class='ocr_line' id='line_1_47' title="bbox 285 2295 713 2327; baseline 0 -7"><span class='ocrx_word' id='word_1_295' title='bbox 285 2295 346 2320; x_wconf 86' lang='lat' dir='ltr'>dam</span> <span class='ocrx_word' id='word_1_296' title='bbox 366 2295 589 2327; x_wconf 81' lang='lat' dir='ltr'>dispensationem</span> <span class='ocrx_word' id='word_1_297' title='bbox 609 2296 660 2321; x_wconf 89' lang='grc'>522</span> <span class='ocrx_word' id='word_1_298' title='bbox 681 2295 713 2320; x_wconf 93' lang='grc'>19</span> 
     </span>
    </p>

    <p class='ocr_par' dir='ltr' id='par_1_6' title="bbox 284 2339 927 2945">
     <span class='ocr_line' id='line_1_48' title="bbox 338 2339 924 2372; baseline 0.002 -8"><span class='ocrx_word' id='word_1_299' title='bbox 338 2353 373 2357; x_wconf 86' lang='lat'><em>-</em></span> <span class='ocrx_word' id='word_1_300' title='bbox 387 2339 411 2364; x_wconf 92' lang='lat' dir='ltr'>in</span> <span class='ocrx_word' id='word_1_301' title='bbox 425 2339 639 2365; x_wconf 85' lang='lat' dir='ltr'>transmutatione</span> <span class='ocrx_word' id='word_1_302' title='bbox 652 2346 737 2372; x_wconf 83' lang='lat' dir='ltr'>aquae</span> <span class='ocrx_word' id='word_1_303' title='bbox 750 2340 775 2365; x_wconf 92' lang='lat' dir='ltr'>in</span> <span class='ocrx_word' id='word_1_304' title='bbox 793 2340 924 2372; x_wconf 91' lang='lat' dir='ltr'>optimum</span> 
     </span>
     <span class='ocr_line' id='line_1_49' title="bbox 286 2384 926 2416; baseline 0.003 -8"><span class='ocrx_word' id='word_1_305' title='bbox 286 2384 379 2409; x_wconf 84' lang='lat' dir='ltr'>vinum</span> <span class='ocrx_word' id='word_1_306' title='bbox 399 2384 526 2416; x_wconf 86' lang='lat' dir='ltr'>optimam</span> <span class='ocrx_word' id='word_1_307' title='bbox 554 2385 665 2409; x_wconf 87' lang='lat' dir='ltr'>formam</span> <span class='ocrx_word' id='word_1_308' title='bbox 691 2384 777 2415; x_wconf 92' lang='lat' dir='ltr'>dedit,</span> <span class='ocrx_word' id='word_1_309' title='bbox 797 2384 822 2409; x_wconf 92' lang='lat' dir='ltr'>in</span> <span class='ocrx_word' id='word_1_310' title='bbox 843 2385 926 2410; x_wconf 93' lang='lat' dir='ltr'>multi-</span> 
     </span>
     <span class='ocr_line' id='line_1_50' title="bbox 286 2428 925 2461; baseline 0.003 -8"><span class='ocrx_word' id='word_1_311' title='bbox 286 2428 425 2460; x_wconf 82' lang='lat' dir='ltr'>plicatione</span> <span class='ocrx_word' id='word_1_312' title='bbox 444 2434 558 2460; x_wconf 82' lang='lat' dir='ltr'>panum,</span> <span class='ocrx_word' id='word_1_313' title='bbox 584 2429 666 2453; x_wconf 91' lang='lat' dir='ltr'>forma</span> <span class='ocrx_word' id='word_1_314' title='bbox 687 2432 822 2460; x_wconf 84' lang='lat' dir='ltr'>manente,</span> <span class='ocrx_word' id='word_1_315' title='bbox 841 2430 925 2461; x_wconf 88' lang='lat' dir='ltr'>perfe-</span> 
     </span>
     <span class='ocr_line' id='line_1_51' title="bbox 287 2472 926 2504; baseline 0.005 -8"><span class='ocrx_word' id='word_1_316' title='bbox 287 2475 355 2498; x_wconf 86' lang='lat' dir='ltr'>ctam</span> <span class='ocrx_word' id='word_1_317' title='bbox 375 2472 545 2504; x_wconf 83' lang='lat' dir='ltr'>quantitatem</span> <span class='ocrx_word' id='word_1_318' title='bbox 565 2472 635 2498; x_wconf 87' lang='lat' dir='ltr'>dedit</span> <span class='ocrx_word' id='word_1_319' title='bbox 651 2473 747 2499; x_wconf 80' lang='lat' dir='ltr'>V1322</span> <span class='ocrx_word' id='word_1_320' title='bbox 768 2474 796 2499; x_wconf 93' lang='grc'>21</span> <span class='ocrx_word' id='word_1_321' title='bbox 814 2487 850 2492; x_wconf 94' lang='grc'>-</span> <span class='ocrx_word' id='word_1_322' title='bbox 862 2474 926 2499; x_wconf 89' lang='lat' dir='ltr'>mul-</span> 
     </span>
     <span class='ocr_line' id='line_1_52' title="bbox 288 2516 925 2548; baseline 0.005 -8"><span class='ocrx_word' id='word_1_323' title='bbox 288 2516 413 2547; x_wconf 87' lang='lat' dir='ltr'>tiplicavit</span> <span class='ocrx_word' id='word_1_324' title='bbox 431 2523 512 2547; x_wconf 82' lang='lat' dir='ltr'>panes</span> <span class='ocrx_word' id='word_1_325' title='bbox 526 2517 590 2542; x_wconf 87' lang='lat' dir='ltr'>ultra</span> <span class='ocrx_word' id='word_1_326' title='bbox 605 2518 800 2548; x_wconf 79' lang='lat' dir='ltr'>necessitatem,</span> <span class='ocrx_word' id='word_1_327' title='bbox 813 2518 861 2543; x_wconf 86' lang='lat' dir='ltr'>sed</span> <span class='ocrx_word' id='word_1_328' title='bbox 873 2525 925 2543; x_wconf 93' lang='lat' dir='ltr'>non</span> 
     </span>
     <span class='ocr_line' id='line_1_53' title="bbox 288 2560 927 2594; baseline 0.003 -9"><span class='ocrx_word' id='word_1_329' title='bbox 288 2561 352 2585; x_wconf 86' lang='lat' dir='ltr'>ultra</span> <span class='ocrx_word' id='word_1_330' title='bbox 373 2560 506 2585; x_wconf 83' lang='lat' dir='ltr'>utilitatem</span> <span class='ocrx_word' id='word_1_331' title='bbox 526 2561 674 2587; x_wconf 86' lang='lat' dir='ltr'>refectionis</span> <span class='ocrx_word' id='word_1_332' title='bbox 693 2562 881 2594; x_wconf 87' lang='lat' dir='ltr'>discipulorum</span> <span class='ocrx_word' id='word_1_333' title='bbox 901 2564 927 2587; x_wconf 90' lang='lat' dir='ltr'>et</span> 
     </span>
     <span class='ocr_line' id='line_1_54' title="bbox 288 2604 927 2637; baseline 0.003 -8"><span class='ocrx_word' id='word_1_334' title='bbox 288 2604 441 2629; x_wconf 88' lang='lat' dir='ltr'>eruditionis</span> <span class='ocrx_word' id='word_1_335' title='bbox 461 2608 563 2630; x_wconf 89' lang='lat' dir='ltr'>nostrae</span> <span class='ocrx_word' id='word_1_336' title='bbox 582 2604 615 2631; x_wconf 84' lang='lat' dir='ltr'>ib.</span> <span class='ocrx_word' id='word_1_337' title='bbox 636 2606 669 2631; x_wconf 87' lang='grc'>23</span> <span class='ocrx_word' id='word_1_338' title='bbox 689 2620 724 2624; x_wconf 94' lang='grc'>-</span> <span class='ocrx_word' id='word_1_339' title='bbox 743 2606 927 2637; x_wconf 85' lang='lat' dir='ltr'>multiplicavit</span> 
     </span>
     <span class='ocr_line' id='line_1_55' title="bbox 288 2648 926 2681; baseline 0.003 -8"><span class='ocrx_word' id='word_1_340' title='bbox 288 2655 369 2680; x_wconf 90' lang='lat' dir='ltr'>panes</span> <span class='ocrx_word' id='word_1_341' title='bbox 388 2648 421 2673; x_wconf 91' lang='lat' dir='ltr'>ad</span> <span class='ocrx_word' id='word_1_342' title='bbox 440 2650 651 2675; x_wconf 81' lang='lat' dir='ltr'>reformationem</span> <span class='ocrx_word' id='word_1_343' title='bbox 678 2650 806 2675; x_wconf 84' lang='lat' dir='ltr'>mentium</span> <span class='ocrx_word' id='word_1_344' title='bbox 825 2657 873 2681; x_wconf 88' lang='lat' dir='ltr'>per</span> <span class='ocrx_word' id='word_1_345' title='bbox 892 2650 926 2675; x_wconf 89' lang='lat' dir='ltr'>in-</span> 
     </span>
     <span class='ocr_line' id='line_1_56' title="bbox 284 2693 926 2725; baseline 0.002 -8"><span class='ocrx_word' id='word_1_346' title='bbox 284 2693 454 2718; x_wconf 76' lang='lat' dir='ltr'>structionem</span> <span class='ocrx_word' id='word_1_347' title='bbox 483 2693 694 2725; x_wconf 86' lang='lat' dir='ltr'>praedicatorum</span> <span class='ocrx_word' id='word_1_348' title='bbox 715 2694 775 2725; x_wconf 89' lang='lat' dir='ltr'>plus</span> <span class='ocrx_word' id='word_1_349' title='bbox 793 2700 873 2725; x_wconf 84' lang='lat' dir='ltr'>quam</span> <span class='ocrx_word' id='word_1_350' title='bbox 892 2693 926 2719; x_wconf 92' lang='lat' dir='ltr'>ad</span> 
     </span>
     <span class='ocr_line' id='line_1_57' title="bbox 288 2736 927 2769; baseline 0.002 -8"><span class='ocrx_word' id='word_1_351' title='bbox 288 2737 455 2762; x_wconf 88' lang='lat' dir='ltr'>refectionem</span> <span class='ocrx_word' id='word_1_352' title='bbox 466 2744 607 2769; x_wconf 89' lang='lat' dir='ltr'>corporum</span> <span class='ocrx_word' id='word_1_353' title='bbox 619 2737 663 2762; x_wconf 93' lang='lat' dir='ltr'>Vll</span> <span class='ocrx_word' id='word_1_354' title='bbox 675 2736 726 2762; x_wconf 90' lang='grc'>224</span> <span class='ocrx_word' id='word_1_355' title='bbox 737 2737 927 2762; x_wconf 67' lang='grc' dir='ltr'>211-60ον61·</span> 
     </span>
     <span class='ocr_line' id='line_1_58' title="bbox 289 2781 925 2813; baseline 0.003 -8"><span class='ocrx_word' id='word_1_356' title='bbox 289 2781 317 2806; x_wconf 85' lang='grc'>111</span> <span class='ocrx_word' id='word_1_357' title='bbox 331 2787 426 2813; x_wconf 87' lang='lat' dir='ltr'>aquam</span> <span class='ocrx_word' id='word_1_358' title='bbox 446 2781 471 2805; x_wconf 89' lang='lat' dir='ltr'>in</span> <span class='ocrx_word' id='word_1_359' title='bbox 491 2781 583 2806; x_wconf 88' lang='lat' dir='ltr'>vinum</span> <span class='ocrx_word' id='word_1_360' title='bbox 597 2781 623 2806; x_wconf 91' lang='lat' dir='ltr'>in</span> <span class='ocrx_word' id='word_1_361' title='bbox 638 2781 761 2806; x_wconf 79' lang='lat' dir='ltr'>convivio</span> <span class='ocrx_word' id='word_1_362' title='bbox 775 2782 925 2813; x_wconf 81' lang='lat' dir='ltr'>nuptiarum</span> 
     </span>
     <span class='ocr_line' id='line_1_59' title="bbox 289 2825 926 2856; baseline 0.005 -7"><span class='ocrx_word' id='word_1_363' title='bbox 289 2825 321 2850; x_wconf 81' lang='lat' dir='ltr'>Vl</span> <span class='ocrx_word' id='word_1_364' title='bbox 336 2825 388 2850; x_wconf 84' lang='lat'>545</span> <span class='ocrx_word' id='word_1_365' title='bbox 403 2825 412 2849; x_wconf 83' lang='grc'>1</span> <span class='ocrx_word' id='word_1_366' title='bbox 431 2838 466 2844; x_wconf 90' lang='grc'><strong>-</strong></span> <span class='ocrx_word' id='word_1_367' title='bbox 478 2825 566 2850; x_wconf 89' lang='lat' dir='ltr'>dando</span> <span class='ocrx_word' id='word_1_368' title='bbox 584 2825 714 2856; x_wconf 80' lang='lat' dir='ltr'>significat</span> <span class='ocrx_word' id='word_1_369' title='bbox 731 2832 759 2851; x_wconf 88' lang='lat' dir='ltr'>se</span> <span class='ocrx_word' id='word_1_370' title='bbox 777 2826 926 2852; x_wconf 85' lang='lat' dir='ltr'>distributo-</span> 
     </span>
     <span class='ocr_line' id='line_1_60' title="bbox 288 2868 927 2901; baseline 0.003 -7"><span class='ocrx_word' id='word_1_371' title='bbox 288 2876 344 2894; x_wconf 87' lang='lat' dir='ltr'>rem</span> <span class='ocrx_word' id='word_1_372' title='bbox 364 2869 415 2894; x_wconf 85' lang='grc'>523</span> <span class='ocrx_word' id='word_1_373' title='bbox 436 2868 469 2894; x_wconf 86' lang='grc'>24</span> <span class='ocrx_word' id='word_1_374' title='bbox 488 2882 523 2887; x_wconf 95' lang='grc'><strong>-</strong></span> <span class='ocrx_word' id='word_1_375' title='bbox 536 2869 649 2900; x_wconf 86' lang='lat' dir='ltr'>provide</span> <span class='ocrx_word' id='word_1_376' title='bbox 662 2876 709 2901; x_wconf 90' lang='lat' dir='ltr'>per</span> <span class='ocrx_word' id='word_1_377' title='bbox 723 2870 877 2896; x_wconf 88' lang='lat' dir='ltr'>miraculum</span> <span class='ocrx_word' id='word_1_378' title='bbox 891 2871 927 2896; x_wconf 92' lang='lat' dir='ltr'>di·</span> 
     </span>
     <span class='ocr_line' id='line_1_61' title="bbox 288 2913 925 2945; baseline 0.002 -6"><span class='ocrx_word' id='word_1_379' title='bbox 288 2913 395 2945; x_wconf 76' lang='lat' dir='ltr'>scipulis</span> <span class='ocrx_word' id='word_1_380' title='bbox 414 2913 581 2944; x_wconf 84' lang='lat' dir='ltr'>praeparavit</span> <span class='ocrx_word' id='word_1_381' title='bbox 598 2913 673 2939; x_wconf 82' lang='lat' dir='ltr'>cibos</span> <span class='ocrx_word' id='word_1_382' title='bbox 692 2921 722 2939; x_wconf 88' lang='lat' dir='ltr'>ex</span> <span class='ocrx_word' id='word_1_383' title='bbox 735 2914 814 2941; x_wconf 86' lang='lat' dir='ltr'>nihilo</span> <span class='ocrx_word' id='word_1_384' title='bbox 828 2915 878 2940; x_wconf 75' lang='grc'>522</span> <span class='ocrx_word' id='word_1_385' title='bbox 893 2915 925 2940; x_wconf 92' lang='grc'>19</span> 
     </span>
    </p>

    <p class='ocr_par' dir='ltr' id='par_1_7' title="bbox 289 2956 927 3165">
     <span class='ocr_line' id='line_1_62' title="bbox 342 2956 926 2989; baseline 0.007 -8"><span class='ocrx_word' id='word_1_386' title='bbox 342 2971 377 2975; x_wconf 77' lang='lat'>-</span> <span class='ocrx_word' id='word_1_387' title='bbox 396 2956 468 2982; x_wconf 87' lang='lat' dir='ltr'>dedit</span> <span class='ocrx_word' id='word_1_388' title='bbox 487 2957 621 2988; x_wconf 85' lang='lat' dir='ltr'>discipulis</span> <span class='ocrx_word' id='word_1_389' title='bbox 634 2960 787 2989; x_wconf 78' lang='lat' dir='ltr'>potestatem</span> <span class='ocrx_word' id='word_1_390' title='bbox 802 2959 926 2985; x_wconf 88' lang='lat' dir='ltr'>miracula</span> 
     </span>
     <span class='ocr_line' id='line_1_63' title="bbox 289 3000 926 3029; baseline 0.005 -3"><span class='ocrx_word' id='word_1_391' title='bbox 289 3000 398 3027; x_wconf 89' lang='lat' dir='ltr'>faciendi</span> <span class='ocrx_word' id='word_1_392' title='bbox 418 3001 451 3027; x_wconf 90' lang='lat' dir='ltr'>ad</span> <span class='ocrx_word' id='word_1_393' title='bbox 471 3001 695 3028; x_wconf 83' lang='lat' dir='ltr'>confirmationem</span> <span class='ocrx_word' id='word_1_394' title='bbox 715 3003 850 3029; x_wconf 83' lang='lat' dir='ltr'>doctrinae</span> <span class='ocrx_word' id='word_1_395' title='bbox 862 3011 926 3029; x_wconf 88' lang='lat' dir='ltr'>suae</span> 
     </span>
     <span class='ocr_line' id='line_1_64' title="bbox 290 3045 926 3079; baseline 0.006 -10"><span class='ocrx_word' id='word_1_396' title='bbox 290 3045 331 3070; x_wconf 93' lang='lat' dir='ltr'>Vll</span> <span class='ocrx_word' id='word_1_397' title='bbox 352 3045 403 3070; x_wconf 84' lang='grc'>257</span> <span class='ocrx_word' id='word_1_398' title='bbox 426 3045 456 3070; x_wconf 87' lang='grc'>17</span> <span class='ocrx_word' id='word_1_399' title='bbox 475 3059 510 3064; x_wconf 95' lang='grc'>-</span> <span class='ocrx_word' id='word_1_400' title='bbox 528 3046 562 3071; x_wconf 86' lang='grc'>311</span> <span class='ocrx_word' id='word_1_401' title='bbox 581 3045 772 3073; x_wconf 85' lang='lat' dir='ltr'>invocationem</span> <span class='ocrx_word' id='word_1_402' title='bbox 792 3048 926 3079; x_wconf 79' lang='lat' dir='ltr'>Apostolo-</span> 
     </span>
     <span class='ocr_line' id='line_1_65' title="bbox 289 3089 927 3123; baseline 0.006 -10"><span class='ocrx_word' id='word_1_403' title='bbox 289 3095 347 3114; x_wconf 91' lang='lat' dir='ltr'>rum</span> <span class='ocrx_word' id='word_1_404' title='bbox 378 3089 450 3120; x_wconf 88' lang='lat' dir='ltr'>plura</span> <span class='ocrx_word' id='word_1_405' title='bbox 479 3089 538 3115; x_wconf 88' lang='lat' dir='ltr'>fecit</span> <span class='ocrx_word' id='word_1_406' title='bbox 565 3090 689 3116; x_wconf 82' lang='lat' dir='ltr'>miracula</span> <span class='ocrx_word' id='word_1_407' title='bbox 715 3098 795 3123; x_wconf 89' lang='lat' dir='ltr'>quam</span> <span class='ocrx_word' id='word_1_408' title='bbox 823 3098 872 3123; x_wconf 87' lang='lat' dir='ltr'>per</span> <span class='ocrx_word' id='word_1_409' title='bbox 899 3098 927 3117; x_wconf 88' lang='lat' dir='ltr'>se</span> 
     </span>
     <span class='ocr_line' id='line_1_66' title="bbox 290 3133 663 3165; baseline 0.008 -8"><span class='ocrx_word' id='word_1_410' title='bbox 290 3133 376 3165; x_wconf 84' lang='lat' dir='ltr'>ipsum</span> <span class='ocrx_word' id='word_1_411' title='bbox 397 3134 491 3159; x_wconf 84' lang='lat' dir='ltr'>fecerat</span> <span class='ocrx_word' id='word_1_412' title='bbox 510 3134 543 3159; x_wconf 89' lang='lat' dir='ltr'>Vl</span> <span class='ocrx_word' id='word_1_413' title='bbox 564 3134 614 3160; x_wconf 85' lang='lat'>440</span> <span class='ocrx_word' id='word_1_414' title='bbox 634 3136 663 3160; x_wconf 90' lang='grc'>21</span> 
     </span>
    </p>

    <p class='ocr_par' dir='ltr' id='par_1_8' title="bbox 287 3178 928 3424">
     <span class='ocr_line' id='line_1_67' title="bbox 342 3178 928 3211; baseline 0.003 -9"><span class='ocrx_word' id='word_1_415' title='bbox 342 3191 377 3196; x_wconf 91' lang='grc'><strong>-</strong></span> <span class='ocrx_word' id='word_1_416' title='bbox 395 3178 474 3203; x_wconf 89' lang='lat' dir='ltr'>muita</span> <span class='ocrx_word' id='word_1_417' title='bbox 490 3178 612 3204; x_wconf 89' lang='lat' dir='ltr'>miracula</span> <span class='ocrx_word' id='word_1_418' title='bbox 627 3179 740 3205; x_wconf 82' lang='lat' dir='ltr'>ostendit</span> <span class='ocrx_word' id='word_1_419' title='bbox 752 3178 889 3211; x_wconf 82' lang='lat' dir='ltr'>discipulis</span> <span class='ocrx_word' id='word_1_420' title='bbox 902 3179 928 3204; x_wconf 93' lang='lat' dir='ltr'>in</span> 
     </span>
     <span class='ocr_line' id='line_1_68' title="bbox 287 3222 928 3249; baseline 0.003 -3"><span class='ocrx_word' id='word_1_421' title='bbox 287 3225 387 3247; x_wconf 81' lang='lat' dir='ltr'>secreto</span> <span class='ocrx_word' id='word_1_422' title='bbox 401 3222 433 3247; x_wconf 88' lang='lat' dir='ltr'>Vl</span> <span class='ocrx_word' id='word_1_423' title='bbox 448 3222 499 3248; x_wconf 83' lang='grc'>324</span> <span class='ocrx_word' id='word_1_424' title='bbox 518 3223 551 3248; x_wconf 85' lang='grc'>36</span> <span class='ocrx_word' id='word_1_425' title='bbox 571 3222 600 3248; x_wconf 73' lang='grc'>2*</span> <span class='ocrx_word' id='word_1_426' title='bbox 613 3237 648 3243; x_wconf 94' lang='grc'><strong>-</strong></span> <span class='ocrx_word' id='word_1_427' title='bbox 661 3222 771 3249; x_wconf 81' lang='lat' dir='ltr'>faciebat</span> <span class='ocrx_word' id='word_1_428' title='bbox 787 3224 867 3249; x_wconf 84' lang='lat' dir='ltr'>multa</span> <span class='ocrx_word' id='word_1_429' title='bbox 882 3223 928 3248; x_wconf 88' lang='lat' dir='ltr'>mi·</span> 
     </span>
     <span class='ocr_line' id='line_1_69' title="bbox 288 3265 927 3300; baseline 0.003 -10"><span class='ocrx_word' id='word_1_430' title='bbox 288 3265 389 3298; x_wconf 84' lang='lat' dir='ltr'>racula,</span> <span class='ocrx_word' id='word_1_431' title='bbox 414 3273 483 3299; x_wconf 87' lang='lat' dir='ltr'>quae</span> <span class='ocrx_word' id='word_1_432' title='bbox 504 3273 555 3292; x_wconf 93' lang='lat' dir='ltr'>non</span> <span class='ocrx_word' id='word_1_433' title='bbox 574 3270 635 3293; x_wconf 88' lang='lat' dir='ltr'>suut</span> <span class='ocrx_word' id='word_1_434' title='bbox 652 3268 748 3300; x_wconf 85' lang='lat' dir='ltr'>scripta</span> <span class='ocrx_word' id='word_1_435' title='bbox 769 3267 820 3293; x_wconf 91' lang='grc'>276</span> <span class='ocrx_word' id='word_1_436' title='bbox 839 3267 874 3293; x_wconf 96' lang='grc'>37</span> <span class='ocrx_word' id='word_1_437' title='bbox 891 3280 927 3286; x_wconf 91' lang='grc'><strong>-</strong></span> 
     </span>
     <span class='ocr_line' id='line_1_70' title="bbox 289 3309 926 3343; baseline 0.003 -9"><span class='ocrx_word' id='word_1_438' title='bbox 289 3309 379 3341; x_wconf 78' lang='lat' dir='ltr'>Signa,</span> <span class='ocrx_word' id='word_1_439' title='bbox 397 3317 465 3343; x_wconf 84' lang='lat' dir='ltr'>quae</span> <span class='ocrx_word' id='word_1_440' title='bbox 483 3311 601 3337; x_wconf 83' lang='lat' dir='ltr'>Christus</span> <span class='ocrx_word' id='word_1_441' title='bbox 619 3311 691 3342; x_wconf 88' lang='lat' dir='ltr'>fecit,</span> <span class='ocrx_word' id='word_1_442' title='bbox 711 3311 807 3343; x_wconf 84' lang='lat' dir='ltr'>scripta</span> <span class='ocrx_word' id='word_1_443' title='bbox 820 3314 880 3337; x_wconf 90' lang='lat' dir='ltr'>sunt</span> <span class='ocrx_word' id='word_1_444' title='bbox 893 3311 926 3337; x_wconf 86' lang='lat' dir='ltr'>ad</span> 
     </span>
     <span class='ocr_line' id='line_1_71' title="bbox 288 3354 926 3388; baseline 0.005 -10"><span class='ocrx_word' id='word_1_445' title='bbox 288 3354 456 3380; x_wconf 83' lang='lat' dir='ltr'>astruendam</span> <span class='ocrx_word' id='word_1_446' title='bbox 482 3355 561 3380; x_wconf 87' lang='lat' dir='ltr'>fldem</span> <span class='ocrx_word' id='word_1_447' title='bbox 590 3358 615 3381; x_wconf 85' lang='lat' dir='ltr'>et</span> <span class='ocrx_word' id='word_1_448' title='bbox 641 3356 727 3381; x_wconf 83' lang='lat' dir='ltr'>solum</span> <span class='ocrx_word' id='word_1_449' title='bbox 756 3361 786 3381; x_wconf 87' lang='lat' dir='ltr'>ea</span> <span class='ocrx_word' id='word_1_450' title='bbox 805 3361 874 3388; x_wconf 79' lang='lat' dir='ltr'>quae</span> <span class='ocrx_word' id='word_1_451' title='bbox 893 3355 926 3381; x_wconf 88' lang='lat' dir='ltr'>ad</span> 
     </span>
     <span class='ocr_line' id='line_1_72' title="bbox 289 3398 606 3424; baseline 0.006 -2"><span class='ocrx_word' id='word_1_452' title='bbox 289 3398 339 3422; x_wconf 93' lang='lat' dir='ltr'>hoc</span> <span class='ocrx_word' id='word_1_453' title='bbox 357 3398 488 3424; x_wconf 81' lang='lat' dir='ltr'>sufficiunt</span> <span class='ocrx_word' id='word_1_454' title='bbox 507 3398 558 3424; x_wconf 79' lang='grc'>516</span> <span class='ocrx_word' id='word_1_455' title='bbox 577 3399 606 3424; x_wconf 93' lang='grc'>61</span> 
     </span>
    </p>
   </div>
   <div class='ocr_carea' id='block_1_2' title="bbox 943 2794 948 3395">
    <p class='ocr_par' dir='ltr' id='par_1_9' title="bbox 943 2794 948 3395">
     <span class='ocr_line' id='line_1_73' title="bbox 943 2794 948 3395; baseline 0 0"><span class='ocrx_word' id='word_1_456' title='bbox 943 2794 948 3395; x_wconf 95' lang='lat' dir='ltr'> </span> 
     </span>
    </p>
   </div>
   <div class='ocr_carea' id='block_1_3' title="bbox 1142 247 1409 281">
    <p class='ocr_par' dir='ltr' id='par_1_10' title="bbox 1142 247 1409 281">
     <span class='ocr_line' id='line_1_74' title="bbox 1142 247 1409 281; baseline -0.007 0"><span class='ocrx_word' id='word_1_457' title='bbox 1142 248 1255 281; x_wconf 86' lang='lat' dir='ltr'>INDEX</span> <span class='ocrx_word' id='word_1_458' title='bbox 1282 247 1409 280; x_wconf 84' lang='lat' dir='ltr'>RERUM</span> 
     </span>
    </p>
   </div>
   <div class='ocr_carea' id='block_1_4' title="bbox 955 335 1605 3434">
    <p class='ocr_par' dir='ltr' id='par_1_11' title="bbox 955 335 1602 1074">
     <span class='ocr_line' id='line_1_75' title="bbox 1008 335 1595 363; baseline -0.007 0"><span class='ocrx_word' id='word_1_459' title='bbox 1008 352 1042 356; x_wconf 85' lang='lat'><em>-</em></span> <span class='ocrx_word' id='word_1_460' title='bbox 1062 336 1174 363; x_wconf 71' lang='grc'>3311311311</span> <span class='ocrx_word' id='word_1_461' title='bbox 1194 337 1289 362; x_wconf 86' lang='lat' dir='ltr'>virtute</span> <span class='ocrx_word' id='word_1_462' title='bbox 1308 336 1396 362; x_wconf 91' lang='lat' dir='ltr'>divina</span> <span class='ocrx_word' id='word_1_463' title='bbox 1418 335 1459 360; x_wconf 91' lang='lat' dir='ltr'>Vll</span> <span class='ocrx_word' id='word_1_464' title='bbox 1481 335 1531 360; x_wconf 86' lang='lat'>343</span> <span class='ocrx_word' id='word_1_465' title='bbox 1552 335 1595 360; x_wconf 88' lang='grc'>26.</span> 
     </span>
     <span class='ocr_line' id='line_1_76' title="bbox 955 379 1595 412; baseline -0.006 -5"><span class='ocrx_word' id='word_1_466' title='bbox 955 382 1006 407; x_wconf 91' lang='grc'>360</span> <span class='ocrx_word' id='word_1_467' title='bbox 1025 382 1052 407; x_wconf 88' lang='grc'>7.</span> <span class='ocrx_word' id='word_1_468' title='bbox 1071 382 1122 407; x_wconf 90' lang='grc'>373</span> <span class='ocrx_word' id='word_1_469' title='bbox 1143 382 1158 406; x_wconf 92' lang='grc'>6</span> <span class='ocrx_word' id='word_1_470' title='bbox 1180 395 1214 399; x_wconf 90' lang='lat'>-—-</span> <span class='ocrx_word' id='word_1_471' title='bbox 1233 381 1289 406; x_wconf 90' lang='lat' dir='ltr'>solo</span> <span class='ocrx_word' id='word_1_472' title='bbox 1314 379 1426 412; x_wconf 87' lang='lat' dir='ltr'>imperio</span> <span class='ocrx_word' id='word_1_473' title='bbox 1451 382 1525 405; x_wconf 86' lang='lat' dir='ltr'>sanat</span> <span class='ocrx_word' id='word_1_474' title='bbox 1545 379 1595 404; x_wconf 87' lang='grc'>128</span> 
     </span>
     <span class='ocr_line' id='line_1_77' title="bbox 955 424 1596 456; baseline -0.006 -4"><span class='ocrx_word' id='word_1_475' title='bbox 955 427 998 452; x_wconf 88' lang='grc'>62.</span> <span class='ocrx_word' id='word_1_476' title='bbox 1018 426 1069 452; x_wconf 88' lang='grc'>373</span> <span class='ocrx_word' id='word_1_477' title='bbox 1089 426 1114 451; x_wconf 93' lang='lat'>6.</span> <span class='ocrx_word' id='word_1_478' title='bbox 1144 425 1195 451; x_wconf 89' lang='lat'>435</span> <span class='ocrx_word' id='word_1_479' title='bbox 1215 426 1248 451; x_wconf 91' lang='grc'>28</span> <span class='ocrx_word' id='word_1_480' title='bbox 1267 438 1303 443; x_wconf 89' lang='grc'>-</span> <span class='ocrx_word' id='word_1_481' title='bbox 1323 427 1409 456; x_wconf 83' lang='grc'>1101651</span> <span class='ocrx_word' id='word_1_482' title='bbox 1427 431 1520 449; x_wconf 85' lang='grc'>5311316</span> <span class='ocrx_word' id='word_1_483' title='bbox 1540 424 1596 449; x_wconf 86' lang='grc'>5010</span> 
     </span>
     <span class='ocr_line' id='line_1_78' title="bbox 955 468 1597 500; baseline -0.005 -4"><span class='ocrx_word' id='word_1_484' title='bbox 955 470 1040 497; x_wconf 88' lang='lat' dir='ltr'>verbo</span> <span class='ocrx_word' id='word_1_485' title='bbox 1061 470 1110 495; x_wconf 86' lang='grc'>139</span> <span class='ocrx_word' id='word_1_486' title='bbox 1133 469 1370 500; x_wconf 87' lang='grc'>17.16812,13.</span> <span class='ocrx_word' id='word_1_487' title='bbox 1395 468 1597 494; x_wconf 89' lang='grc'>16916-60-</span> 
     </span>
     <span class='ocr_line' id='line_1_79' title="bbox 956 513 1598 547; baseline -0.005 -6"><span class='ocrx_word' id='word_1_488' title='bbox 956 516 1023 541; x_wconf 78' lang='lat' dir='ltr'>ravit</span> <span class='ocrx_word' id='word_1_489' title='bbox 1042 521 1090 547; x_wconf 92' lang='lat' dir='ltr'>per</span> <span class='ocrx_word' id='word_1_490' title='bbox 1108 515 1194 540; x_wconf 89' lang='lat' dir='ltr'>solum</span> <span class='ocrx_word' id='word_1_491' title='bbox 1215 513 1357 545; x_wconf 84' lang='lat' dir='ltr'>imperium</span> <span class='ocrx_word' id='word_1_492' title='bbox 1377 513 1428 538; x_wconf 90' lang='grc'>139</span> <span class='ocrx_word' id='word_1_493' title='bbox 1446 513 1475 538; x_wconf 89' lang='grc'>17</span> <span class='ocrx_word' id='word_1_494' title='bbox 1488 526 1525 531; x_wconf 90' lang='lat'>—-</span> <span class='ocrx_word' id='word_1_495' title='bbox 1544 516 1598 545; x_wconf 89' lang='lat' dir='ltr'>pot-</span> 
     </span>
     <span class='ocr_line' id='line_1_80' title="bbox 956 557 1597 589; baseline -0.005 -4"><span class='ocrx_word' id='word_1_496' title='bbox 956 564 1012 585; x_wconf 83' lang='lat' dir='ltr'>erat</span> <span class='ocrx_word' id='word_1_497' title='bbox 1030 566 1122 585; x_wconf 89' lang='lat' dir='ltr'>sanare</span> <span class='ocrx_word' id='word_1_498' title='bbox 1141 558 1224 584; x_wconf 90' lang='lat' dir='ltr'>verbo</span> <span class='ocrx_word' id='word_1_499' title='bbox 1244 561 1269 583; x_wconf 90' lang='lat' dir='ltr'>et</span> <span class='ocrx_word' id='word_1_500' title='bbox 1288 558 1419 583; x_wconf 82' lang='lat' dir='ltr'>dimittere</span> <span class='ocrx_word' id='word_1_501' title='bbox 1433 562 1540 589; x_wconf 89' lang='lat' dir='ltr'>peccata</span> <span class='ocrx_word' id='word_1_502' title='bbox 1564 557 1597 582; x_wconf 90' lang='lat' dir='ltr'>Vl</span> 
     </span>
     <span class='ocr_line' id='line_1_81' title="bbox 957 602 1598 633; baseline -0.006 -3"><span class='ocrx_word' id='word_1_503' title='bbox 957 605 1008 630; x_wconf 88' lang='grc'>306</span> <span class='ocrx_word' id='word_1_504' title='bbox 1029 605 1061 630; x_wconf 92' lang='grc'>22</span> <span class='ocrx_word' id='word_1_505' title='bbox 1081 617 1117 622; x_wconf 95' lang='grc'>-</span> <span class='ocrx_word' id='word_1_506' title='bbox 1142 602 1256 628; x_wconf 87' lang='lat' dir='ltr'>habebat</span> <span class='ocrx_word' id='word_1_507' title='bbox 1275 602 1419 628; x_wconf 84' lang='lat' dir='ltr'>efficaciam</span> <span class='ocrx_word' id='word_1_508' title='bbox 1439 602 1464 627; x_wconf 91' lang='lat' dir='ltr'>in</span> <span class='ocrx_word' id='word_1_509' title='bbox 1485 608 1598 633; x_wconf 86' lang='lat' dir='ltr'>corpora</span> 
     </span>
     <span class='ocr_line' id='line_1_82' title="bbox 957 646 1599 680; baseline -0.006 -5"><span class='ocrx_word' id='word_1_510' title='bbox 957 649 1071 675; x_wconf 86' lang='lat' dir='ltr'>curanda</span> <span class='ocrx_word' id='word_1_511' title='bbox 1092 655 1139 680; x_wconf 90' lang='lat' dir='ltr'>per</span> <span class='ocrx_word' id='word_1_512' title='bbox 1158 654 1256 679; x_wconf 89' lang='lat' dir='ltr'>corpus</span> <span class='ocrx_word' id='word_1_513' title='bbox 1273 654 1352 672; x_wconf 89' lang='lat' dir='ltr'>suum</span> <span class='ocrx_word' id='word_1_514' title='bbox 1372 647 1415 672; x_wconf 92' lang='lat' dir='ltr'>Vll</span> <span class='ocrx_word' id='word_1_515' title='bbox 1437 646 1487 672; x_wconf 92' lang='grc'>146</span> <span class='ocrx_word' id='word_1_516' title='bbox 1508 646 1541 671; x_wconf 86' lang='grc'>46</span> <span class='ocrx_word' id='word_1_517' title='bbox 1563 660 1599 665; x_wconf 95' lang='grc'>-</span> 
     </span>
     <span class='ocr_line' id='line_1_83' title="bbox 957 691 1599 724; baseline -0.003 -6"><span class='ocrx_word' id='word_1_518' title='bbox 957 692 1065 718; x_wconf 84' lang='grc'>53031131</span> <span class='ocrx_word' id='word_1_519' title='bbox 1084 699 1176 718; x_wconf 88' lang='lat' dir='ltr'>omnes</span> <span class='ocrx_word' id='word_1_520' title='bbox 1195 691 1348 724; x_wconf 81' lang='lat' dir='ltr'>operatione</span> <span class='ocrx_word' id='word_1_521' title='bbox 1375 691 1479 717; x_wconf 80' lang='lat' dir='ltr'>virtutis</span> <span class='ocrx_word' id='word_1_522' title='bbox 1498 691 1599 716; x_wconf 88' lang='lat' dir='ltr'>latentis</span> 
     </span>
     <span class='ocr_line' id='line_1_84' title="bbox 957 736 1593 768; baseline -0.003 -5"><span class='ocrx_word' id='word_1_523' title='bbox 957 736 1017 763; x_wconf 79' lang='lat' dir='ltr'>ibid.</span> <span class='ocrx_word' id='word_1_524' title='bbox 1038 750 1073 756; x_wconf 88' lang='lat'>—</span> <span class='ocrx_word' id='word_1_525' title='bbox 1091 739 1166 762; x_wconf 85' lang='lat' dir='ltr'>curat</span> <span class='ocrx_word' id='word_1_526' title='bbox 1183 736 1281 761; x_wconf 88' lang='lat' dir='ltr'>virtute</span> <span class='ocrx_word' id='word_1_527' title='bbox 1299 743 1314 761; x_wconf 91' lang='lat' dir='ltr'>a</span> <span class='ocrx_word' id='word_1_528' title='bbox 1333 743 1362 762; x_wconf 89' lang='lat' dir='ltr'>se</span> <span class='ocrx_word' id='word_1_529' title='bbox 1375 736 1527 768; x_wconf 82' lang='lat' dir='ltr'>egrediente</span> <span class='ocrx_word' id='word_1_530' title='bbox 1547 736 1593 761; x_wconf 88' lang='grc'>211</span> 
     </span>
     <span class='ocr_line' id='line_1_85' title="bbox 958 780 1598 813; baseline -0.002 -6"><span class='ocrx_word' id='word_1_531' title='bbox 958 782 990 807; x_wconf 90' lang='grc'>83</span> <span class='ocrx_word' id='word_1_532' title='bbox 1011 796 1046 799; x_wconf 91' lang='lat'>——</span> <span class='ocrx_word' id='word_1_533' title='bbox 1065 784 1138 807; x_wconf 84' lang='lat' dir='ltr'>sanat</span> <span class='ocrx_word' id='word_1_534' title='bbox 1163 787 1272 806; x_wconf 85' lang='lat' dir='ltr'>manum</span> <span class='ocrx_word' id='word_1_535' title='bbox 1300 780 1464 813; x_wconf 89' lang='lat' dir='ltr'>imponendo</span> <span class='ocrx_word' id='word_1_536' title='bbox 1490 780 1540 806; x_wconf 83' lang='lat'>343</span> <span class='ocrx_word' id='word_1_537' title='bbox 1565 781 1598 806; x_wconf 92' lang='grc'>26</span> 
     </span>
     <span class='ocr_line' id='line_1_86' title="bbox 957 825 1599 858; baseline 0 -7"><span class='ocrx_word' id='word_1_538' title='bbox 957 840 991 845; x_wconf 94' lang='grc'><strong>-</strong></span> <span class='ocrx_word' id='word_1_539' title='bbox 1010 825 1141 858; x_wconf 86' lang='lat' dir='ltr'>quosdam</span> <span class='ocrx_word' id='word_1_540' title='bbox 1171 828 1239 851; x_wconf 83' lang='lat' dir='ltr'>tactu</span> <span class='ocrx_word' id='word_1_541' title='bbox 1267 832 1362 850; x_wconf 88' lang='lat' dir='ltr'>manus</span> <span class='ocrx_word' id='word_1_542' title='bbox 1386 825 1503 856; x_wconf 87' lang='lat' dir='ltr'>sanavit,</span> <span class='ocrx_word' id='word_1_543' title='bbox 1522 832 1599 857; x_wconf 83' lang='lat' dir='ltr'>quos-</span> 
     </span>
     <span class='ocr_line' id='line_1_87' title="bbox 957 869 1599 902; baseline -0.002 -6"><span class='ocrx_word' id='word_1_544' title='bbox 957 870 1019 896; x_wconf 90' lang='lat' dir='ltr'>dam</span> <span class='ocrx_word' id='word_1_545' title='bbox 1039 870 1137 895; x_wconf 90' lang='lat' dir='ltr'>virtute</span> <span class='ocrx_word' id='word_1_546' title='bbox 1155 869 1240 900; x_wconf 85' lang='lat' dir='ltr'>verbi,</span> <span class='ocrx_word' id='word_1_547' title='bbox 1256 870 1388 902; x_wconf 84' lang='lat' dir='ltr'>quosdam</span> <span class='ocrx_word' id='word_1_548' title='bbox 1408 872 1471 895; x_wconf 88' lang='lat' dir='ltr'>nutu</span> <span class='ocrx_word' id='word_1_549' title='bbox 1491 870 1547 895; x_wconf 90' lang='lat' dir='ltr'>solo</span> <span class='ocrx_word' id='word_1_550' title='bbox 1568 870 1599 894; x_wconf 95' lang='lat' dir='ltr'>Vl</span> 
     </span>
     <span class='ocr_line' id='line_1_88' title="bbox 958 913 1600 940; baseline -0.002 0"><span class='ocrx_word' id='word_1_551' title='bbox 958 914 1009 940; x_wconf 86' lang='lat'>564</span> <span class='ocrx_word' id='word_1_552' title='bbox 1030 922 1056 940; x_wconf 89' lang='lat' dir='ltr'>v.</span> <span class='ocrx_word' id='word_1_553' title='bbox 1076 914 1109 939; x_wconf 89' lang='grc'>14</span> <span class='ocrx_word' id='word_1_554' title='bbox 1135 915 1140 939; x_wconf 95' lang='grc' dir='ltr'>Ι</span> <span class='ocrx_word' id='word_1_555' title='bbox 1165 928 1200 933; x_wconf 96' lang='grc'><strong>-</strong></span> <span class='ocrx_word' id='word_1_556' title='bbox 1219 913 1329 940; x_wconf 83' lang='grc'>60131131</span> <span class='ocrx_word' id='word_1_557' title='bbox 1353 921 1446 940; x_wconf 91' lang='lat' dir='ltr'>omnes</span> <span class='ocrx_word' id='word_1_558' title='bbox 1465 915 1519 940; x_wconf 86' lang='lat' dir='ltr'>sola</span> <span class='ocrx_word' id='word_1_559' title='bbox 1549 920 1600 939; x_wconf 91' lang='lat' dir='ltr'>ma-</span> 
     </span>
     <span class='ocr_line' id='line_1_89' title="bbox 958 958 1602 992; baseline -0.002 -7"><span class='ocrx_word' id='word_1_560' title='bbox 958 967 1008 985; x_wconf 92' lang='lat' dir='ltr'>nus</span> <span class='ocrx_word' id='word_1_561' title='bbox 1036 958 1201 992; x_wconf 86' lang='lat' dir='ltr'>impositione</span> <span class='ocrx_word' id='word_1_562' title='bbox 1230 959 1273 984; x_wconf 87' lang='lat' dir='ltr'>Vll</span> <span class='ocrx_word' id='word_1_563' title='bbox 1304 959 1354 984; x_wconf 89' lang='grc'>110</span> <span class='ocrx_word' id='word_1_564' title='bbox 1383 959 1416 984; x_wconf 90' lang='grc'>89</span> <span class='ocrx_word' id='word_1_565' title='bbox 1440 972 1476 978; x_wconf 92' lang='grc'><strong>-</strong></span> <span class='ocrx_word' id='word_1_566' title='bbox 1499 958 1602 984; x_wconf 86' lang='lat' dir='ltr'>curavit</span> 
     </span>
     <span class='ocr_line' id='line_1_90' title="bbox 958 1003 1600 1030; baseline 0.002 -2"><span class='ocrx_word' id='word_1_567' title='bbox 958 1003 1042 1029; x_wconf 85' lang='lat' dir='ltr'>verbo</span> <span class='ocrx_word' id='word_1_568' title='bbox 1066 1007 1092 1030; x_wconf 82' lang='lat' dir='ltr'>et</span> <span class='ocrx_word' id='word_1_569' title='bbox 1117 1007 1187 1030; x_wconf 90' lang='lat' dir='ltr'>tactu</span> <span class='ocrx_word' id='word_1_570' title='bbox 1212 1007 1241 1029; x_wconf 94' lang='lat' dir='ltr'>ut</span> <span class='ocrx_word' id='word_1_571' title='bbox 1266 1003 1383 1030; x_wconf 83' lang='lat' dir='ltr'>Verbum</span> <span class='ocrx_word' id='word_1_572' title='bbox 1412 1011 1474 1029; x_wconf 86' lang='lat' dir='ltr'>caro</span> <span class='ocrx_word' id='word_1_573' title='bbox 1504 1004 1600 1029; x_wconf 84' lang='lat' dir='ltr'>factum</span> 
     </span>
     <span class='ocr_line' id='line_1_91' title="bbox 960 1049 1063 1074; baseline 0 -1"><span class='ocrx_word' id='word_1_574' title='bbox 960 1049 1010 1074; x_wconf 89' lang='grc'>120</span> <span class='ocrx_word' id='word_1_575' title='bbox 1031 1049 1063 1073; x_wconf 86' lang='grc'>28</span> 
     </span>
    </p>

    <p class='ocr_par' dir='ltr' id='par_1_12' title="bbox 958 1092 1603 1341">
     <span class='ocr_line' id='line_1_92' title="bbox 1013 1092 1601 1119; baseline -0.003 0"><span class='ocrx_word' id='word_1_576' title='bbox 1013 1107 1047 1111; x_wconf 88' lang='grc'>-</span> <span class='ocrx_word' id='word_1_577' title='bbox 1065 1096 1141 1119; x_wconf 88' lang='lat' dir='ltr'>sanat</span> <span class='ocrx_word' id='word_1_578' title='bbox 1167 1100 1259 1119; x_wconf 90' lang='lat' dir='ltr'>omnes</span> <span class='ocrx_word' id='word_1_579' title='bbox 1287 1093 1331 1118; x_wconf 82' lang='lat' dir='ltr'>Vll</span> <span class='ocrx_word' id='word_1_580' title='bbox 1363 1093 1412 1118; x_wconf 88' lang='grc'>139</span> <span class='ocrx_word' id='word_1_581' title='bbox 1435 1092 1476 1118; x_wconf 87' lang='grc'>17.</span> <span class='ocrx_word' id='word_1_582' title='bbox 1495 1092 1548 1118; x_wconf 87' lang='grc'>355</span> <span class='ocrx_word' id='word_1_583' title='bbox 1568 1092 1601 1117; x_wconf 90' lang='grc'>67</span> 
     </span>
     <span class='ocr_line' id='line_1_93' title="bbox 958 1137 1602 1163; baseline -0.003 0"><span class='ocrx_word' id='word_1_584' title='bbox 958 1150 993 1156; x_wconf 85' lang='grc'><strong>-</strong></span> <span class='ocrx_word' id='word_1_585' title='bbox 1012 1137 1115 1163; x_wconf 89' lang='lat' dir='ltr'>curavit</span> <span class='ocrx_word' id='word_1_586' title='bbox 1132 1138 1228 1163; x_wconf 88' lang='lat' dir='ltr'>multos</span> <span class='ocrx_word' id='word_1_587' title='bbox 1249 1137 1299 1163; x_wconf 90' lang='grc'>174</span> <span class='ocrx_word' id='word_1_588' title='bbox 1325 1137 1358 1162; x_wconf 87' lang='grc'>38</span> <span class='ocrx_word' id='word_1_589' title='bbox 1384 1150 1419 1156; x_wconf 93' lang='lat'>--</span> <span class='ocrx_word' id='word_1_590' title='bbox 1438 1144 1521 1162; x_wconf 91' lang='lat' dir='ltr'>unum</span> <span class='ocrx_word' id='word_1_591' title='bbox 1550 1139 1602 1161; x_wconf 87' lang='lat' dir='ltr'>tan-</span> 
     </span>
     <span class='ocr_line' id='line_1_94' title="bbox 959 1181 1602 1214; baseline -0.002 -7"><span class='ocrx_word' id='word_1_592' title='bbox 959 1185 1013 1207; x_wconf 88' lang='lat' dir='ltr'>tum</span> <span class='ocrx_word' id='word_1_593' title='bbox 1033 1182 1135 1208; x_wconf 88' lang='lat' dir='ltr'>curavit</span> <span class='ocrx_word' id='word_1_594' title='bbox 1163 1182 1189 1207; x_wconf 91' lang='lat' dir='ltr'>in</span> <span class='ocrx_word' id='word_1_595' title='bbox 1214 1182 1316 1214; x_wconf 88' lang='lat' dir='ltr'>porticu</span> <span class='ocrx_word' id='word_1_596' title='bbox 1343 1185 1452 1214; x_wconf 89' lang='lat' dir='ltr'>propter</span> <span class='ocrx_word' id='word_1_597' title='bbox 1477 1181 1602 1206; x_wconf 84' lang='lat' dir='ltr'>unitatem</span> 
     </span>
     <span class='ocr_line' id='line_1_95' title="bbox 959 1225 1600 1259; baseline -0.003 -7"><span class='ocrx_word' id='word_1_598' title='bbox 959 1227 1102 1259; x_wconf 81' lang='lat' dir='ltr'>Ecclesiae,</span> <span class='ocrx_word' id='word_1_599' title='bbox 1122 1227 1148 1252; x_wconf 91' lang='lat' dir='ltr'>in</span> <span class='ocrx_word' id='word_1_600' title='bbox 1167 1234 1218 1259; x_wconf 88' lang='lat' dir='ltr'>qua</span> <span class='ocrx_word' id='word_1_601' title='bbox 1239 1227 1293 1252; x_wconf 88' lang='lat' dir='ltr'>sola</span> <span class='ocrx_word' id='word_1_602' title='bbox 1312 1227 1341 1252; x_wconf 88' lang='lat' dir='ltr'>fit</span> <span class='ocrx_word' id='word_1_603' title='bbox 1359 1226 1459 1251; x_wconf 89' lang='lat' dir='ltr'>sanatio</span> <span class='ocrx_word' id='word_1_604' title='bbox 1479 1226 1523 1251; x_wconf 93' lang='lat' dir='ltr'>Vll</span> <span class='ocrx_word' id='word_1_605' title='bbox 1550 1225 1600 1250; x_wconf 86' lang='lat'>436</span> 
     </span>
     <span class='ocr_line' id='line_1_96' title="bbox 959 1269 1603 1301; baseline -0.002 -6"><span class='ocrx_word' id='word_1_606' title='bbox 959 1271 987 1296; x_wconf 88' lang='grc'>31</span> <span class='ocrx_word' id='word_1_607' title='bbox 1011 1285 1047 1290; x_wconf 91' lang='grc'>-</span> <span class='ocrx_word' id='word_1_608' title='bbox 1066 1278 1148 1297; x_wconf 92' lang='lat' dir='ltr'>unum</span> <span class='ocrx_word' id='word_1_609' title='bbox 1168 1274 1269 1296; x_wconf 88' lang='lat' dir='ltr'>tantum</span> <span class='ocrx_word' id='word_1_610' title='bbox 1289 1270 1437 1296; x_wconf 89' lang='lat' dir='ltr'>curavitad</span> <span class='ocrx_word' id='word_1_611' title='bbox 1455 1269 1603 1301; x_wconf 87' lang='lat' dir='ltr'>significan-</span> 
     </span>
     <span class='ocr_line' id='line_1_97' title="bbox 958 1314 1602 1341; baseline -0.005 0"><span class='ocrx_word' id='word_1_612' title='bbox 958 1315 1020 1341; x_wconf 87' lang='lat' dir='ltr'>dam</span> <span class='ocrx_word' id='word_1_613' title='bbox 1040 1316 1164 1341; x_wconf 88' lang='lat' dir='ltr'>unitatem</span> <span class='ocrx_word' id='word_1_614' title='bbox 1185 1315 1246 1340; x_wconf 87' lang='lat' dir='ltr'>fidei</span> <span class='ocrx_word' id='word_1_615' title='bbox 1266 1318 1292 1341; x_wconf 90' lang='lat' dir='ltr'>et</span> <span class='ocrx_word' id='word_1_616' title='bbox 1311 1315 1424 1340; x_wconf 88' lang='lat' dir='ltr'>caritatis</span> <span class='ocrx_word' id='word_1_617' title='bbox 1444 1314 1476 1339; x_wconf 92' lang='lat' dir='ltr'>Vl</span> <span class='ocrx_word' id='word_1_618' title='bbox 1498 1314 1549 1340; x_wconf 84' lang='lat'>305</span> <span class='ocrx_word' id='word_1_619' title='bbox 1570 1314 1602 1338; x_wconf 90' lang='grc'>16</span> 
     </span>
    </p>

    <p class='ocr_par' dir='ltr' id='par_1_13' title="bbox 960 1358 1604 1740">
     <span class='ocr_line' id='line_1_98' title="bbox 1013 1358 1602 1393; baseline -0.003 -8"><span class='ocrx_word' id='word_1_620' title='bbox 1013 1374 1047 1378; x_wconf 87' lang='grc'><strong>-</strong></span> <span class='ocrx_word' id='word_1_621' title='bbox 1067 1363 1194 1393; x_wconf 84' lang='lat' dir='ltr'>quantum</span> <span class='ocrx_word' id='word_1_622' title='bbox 1214 1359 1247 1385; x_wconf 90' lang='lat' dir='ltr'>ad</span> <span class='ocrx_word' id='word_1_623' title='bbox 1272 1359 1394 1384; x_wconf 88' lang='lat' dir='ltr'>virtutem</span> <span class='ocrx_word' id='word_1_624' title='bbox 1415 1358 1602 1384; x_wconf 85' lang='lat' dir='ltr'>miraculorum</span> 
     </span>
     <span class='ocr_line' id='line_1_99' title="bbox 960 1404 1604 1436; baseline -0.005 -6"><span class='ocrx_word' id='word_1_625' title='bbox 960 1404 1039 1430; x_wconf 87' lang='lat' dir='ltr'>habet</span> <span class='ocrx_word' id='word_1_626' title='bbox 1067 1411 1145 1436; x_wconf 89' lang='lat' dir='ltr'>posse</span> <span class='ocrx_word' id='word_1_627' title='bbox 1173 1410 1253 1435; x_wconf 90' lang='lat' dir='ltr'>super</span> <span class='ocrx_word' id='word_1_628' title='bbox 1276 1410 1383 1428; x_wconf 89' lang='lat' dir='ltr'>omnem</span> <span class='ocrx_word' id='word_1_629' title='bbox 1410 1409 1551 1434; x_wconf 85' lang='lat' dir='ltr'>porsonam</span> <span class='ocrx_word' id='word_1_630' title='bbox 1578 1406 1604 1428; x_wconf 89' lang='lat' dir='ltr'>et</span> 
     </span>
     <span class='ocr_line' id='line_1_100' title="bbox 960 1447 1603 1479; baseline -0.002 -5"><span class='ocrx_word' id='word_1_631' title='bbox 960 1452 1080 1474; x_wconf 89' lang='lat' dir='ltr'>naturam</span> <span class='ocrx_word' id='word_1_632' title='bbox 1100 1451 1126 1473; x_wconf 88' lang='lat' dir='ltr'>et</span> <span class='ocrx_word' id='word_1_633' title='bbox 1145 1448 1171 1473; x_wconf 92' lang='lat' dir='ltr'>in</span> <span class='ocrx_word' id='word_1_634' title='bbox 1191 1447 1261 1473; x_wconf 89' lang='lat' dir='ltr'>omni</span> <span class='ocrx_word' id='word_1_635' title='bbox 1286 1448 1343 1473; x_wconf 92' lang='lat' dir='ltr'>loco</span> <span class='ocrx_word' id='word_1_636' title='bbox 1362 1450 1388 1473; x_wconf 92' lang='lat' dir='ltr'>et</span> <span class='ocrx_word' id='word_1_637' title='bbox 1415 1451 1535 1479; x_wconf 88' lang='lat' dir='ltr'>tempore</span> <span class='ocrx_word' id='word_1_638' title='bbox 1562 1448 1603 1473; x_wconf 85' lang='lat' dir='ltr'>Vll</span> 
     </span>
     <span class='ocr_line' id='line_1_101' title="bbox 963 1491 1603 1524; baseline -0.002 -6"><span class='ocrx_word' id='word_1_639' title='bbox 963 1493 1013 1518; x_wconf 85' lang='grc'>105</span> <span class='ocrx_word' id='word_1_640' title='bbox 1033 1493 1066 1517; x_wconf 93' lang='grc'>69</span> <span class='ocrx_word' id='word_1_641' title='bbox 1086 1507 1121 1510; x_wconf 92' lang='grc'>-</span> <span class='ocrx_word' id='word_1_642' title='bbox 1140 1499 1237 1523; x_wconf 80' lang='lat' dir='ltr'>magna</span> <span class='ocrx_word' id='word_1_643' title='bbox 1263 1491 1360 1517; x_wconf 76' lang='lat' dir='ltr'>virtute</span> <span class='ocrx_word' id='word_1_644' title='bbox 1383 1498 1476 1517; x_wconf 88' lang='lat' dir='ltr'>omnes</span> <span class='ocrx_word' id='word_1_645' title='bbox 1501 1494 1603 1524; x_wconf 88' lang='lat' dir='ltr'>poterat</span> 
     </span>
     <span class='ocr_line' id='line_1_102' title="bbox 960 1536 1604 1569; baseline 0 -7"><span class='ocrx_word' id='word_1_646' title='bbox 960 1543 1054 1562; x_wconf 88' lang='lat' dir='ltr'>sanare</span> <span class='ocrx_word' id='word_1_647' title='bbox 1083 1536 1133 1561; x_wconf 93' lang='grc'>147</span> <span class='ocrx_word' id='word_1_648' title='bbox 1154 1536 1187 1561; x_wconf 88' lang='grc'>46</span> <span class='ocrx_word' id='word_1_649' title='bbox 1207 1550 1242 1555; x_wconf 89' lang='grc'><strong>-</strong></span> <span class='ocrx_word' id='word_1_650' title='bbox 1271 1536 1372 1561; x_wconf 86' lang='lat' dir='ltr'>curavit</span> <span class='ocrx_word' id='word_1_651' title='bbox 1398 1539 1540 1569; x_wconf 85' lang='lat' dir='ltr'>utrumque</span> <span class='ocrx_word' id='word_1_652' title='bbox 1563 1544 1604 1562; x_wconf 89' lang='lat' dir='ltr'>se-</span> 
     </span>
     <span class='ocr_line' id='line_1_103' title="bbox 961 1580 1604 1613; baseline 0 -7"><span class='ocrx_word' id='word_1_653' title='bbox 961 1588 1023 1606; x_wconf 87' lang='lat' dir='ltr'>xum</span> <span class='ocrx_word' id='word_1_654' title='bbox 1044 1581 1094 1606; x_wconf 89' lang='grc'>189</span> <span class='ocrx_word' id='word_1_655' title='bbox 1115 1581 1130 1606; x_wconf 89' lang='grc'>3</span> <span class='ocrx_word' id='word_1_656' title='bbox 1149 1595 1184 1598; x_wconf 85' lang='grc'>-</span> <span class='ocrx_word' id='word_1_657' title='bbox 1203 1580 1307 1606; x_wconf 87' lang='lat' dir='ltr'>sanavit</span> <span class='ocrx_word' id='word_1_658' title='bbox 1325 1583 1426 1613; x_wconf 86' lang='lat' dir='ltr'>septem</span> <span class='ocrx_word' id='word_1_659' title='bbox 1440 1581 1604 1607; x_wconf 81' lang='lat' dir='ltr'>infirmitates</span> 
     </span>
     <span class='ocr_line' id='line_1_104' title="bbox 963 1624 1603 1651; baseline 0.002 -1"><span class='ocrx_word' id='word_1_660' title='bbox 963 1625 1120 1650; x_wconf 87' lang='lat' dir='ltr'>incurabiles</span> <span class='ocrx_word' id='word_1_661' title='bbox 1147 1625 1181 1650; x_wconf 92' lang='lat' dir='ltr'>Vl</span> <span class='ocrx_word' id='word_1_662' title='bbox 1210 1624 1261 1650; x_wconf 87' lang='lat'>587</span> <span class='ocrx_word' id='word_1_663' title='bbox 1281 1625 1297 1650; x_wconf 91' lang='grc'>7</span> <span class='ocrx_word' id='word_1_664' title='bbox 1323 1639 1358 1644; x_wconf 94' lang='grc'>-</span> <span class='ocrx_word' id='word_1_665' title='bbox 1377 1626 1479 1651; x_wconf 77' lang='lat' dir='ltr'>curavit</span> <span class='ocrx_word' id='word_1_666' title='bbox 1507 1626 1603 1651; x_wconf 85' lang='lat' dir='ltr'>multos</span> 
     </span>
     <span class='ocr_line' id='line_1_105' title="bbox 963 1669 1602 1701; baseline 0.002 -7"><span class='ocrx_word' id='word_1_667' title='bbox 963 1670 1081 1695; x_wconf 83' lang='lat' dir='ltr'>infirmos</span> <span class='ocrx_word' id='word_1_668' title='bbox 1100 1672 1126 1695; x_wconf 91' lang='lat' dir='ltr'>et</span> <span class='ocrx_word' id='word_1_669' title='bbox 1144 1676 1158 1694; x_wconf 90' lang='lat' dir='ltr'>a</span> <span class='ocrx_word' id='word_1_670' title='bbox 1178 1669 1313 1701; x_wconf 90' lang='lat' dir='ltr'>multiplici</span> <span class='ocrx_word' id='word_1_671' title='bbox 1328 1669 1421 1695; x_wconf 90' lang='lat' dir='ltr'>morbo</span> <span class='ocrx_word' id='word_1_672' title='bbox 1436 1670 1479 1695; x_wconf 87' lang='lat' dir='ltr'>Vll</span> <span class='ocrx_word' id='word_1_673' title='bbox 1499 1670 1544 1695; x_wconf 90' lang='grc'>174</span> <span class='ocrx_word' id='word_1_674' title='bbox 1560 1671 1602 1695; x_wconf 87' lang='grc'>38.</span> 
     </span>
     <span class='ocr_line' id='line_1_106' title="bbox 965 1714 1067 1740; baseline 0.01 -1"><span class='ocrx_word' id='word_1_675' title='bbox 965 1714 1014 1740; x_wconf 88' lang='grc'>175</span> <span class='ocrx_word' id='word_1_676' title='bbox 1035 1714 1067 1740; x_wconf 88' lang='grc'>40</span> 
     </span>
    </p>

    <p class='ocr_par' dir='ltr' id='par_1_14' title="bbox 962 1758 1604 2194">
     <span class='ocr_line' id='line_1_107' title="bbox 1016 1758 1602 1792; baseline 0.002 -8"><span class='ocrx_word' id='word_1_677' title='bbox 1016 1773 1049 1777; x_wconf 82' lang='lat'>—</span> <span class='ocrx_word' id='word_1_678' title='bbox 1070 1758 1185 1791; x_wconf 84' lang='lat' dir='ltr'>benigne</span> <span class='ocrx_word' id='word_1_679' title='bbox 1204 1759 1312 1785; x_wconf 87' lang='lat' dir='ltr'>sanabat</span> <span class='ocrx_word' id='word_1_680' title='bbox 1326 1760 1474 1792; x_wconf 83' lang='lat' dir='ltr'>indigentes</span> <span class='ocrx_word' id='word_1_681' title='bbox 1487 1760 1529 1786; x_wconf 90' lang='lat' dir='ltr'>Vll</span> <span class='ocrx_word' id='word_1_682' title='bbox 1551 1761 1602 1785; x_wconf 88' lang='grc'>222</span> 
     </span>
     <span class='ocr_line' id='line_1_108' title="bbox 964 1804 1604 1836; baseline 0.003 -8"><span class='ocrx_word' id='word_1_683' title='bbox 964 1804 996 1828; x_wconf 92' lang='grc'>19</span> <span class='ocrx_word' id='word_1_684' title='bbox 1015 1817 1051 1822; x_wconf 95' lang='grc'><strong>-</strong></span> <span class='ocrx_word' id='word_1_685' title='bbox 1070 1804 1159 1829; x_wconf 87' lang='lat' dir='ltr'>Virtus</span> <span class='ocrx_word' id='word_1_686' title='bbox 1179 1804 1282 1829; x_wconf 87' lang='lat' dir='ltr'>Domini</span> <span class='ocrx_word' id='word_1_687' title='bbox 1302 1808 1425 1836; x_wconf 90' lang='lat' dir='ltr'>prompta</span> <span class='ocrx_word' id='word_1_688' title='bbox 1445 1807 1500 1830; x_wconf 89' lang='lat' dir='ltr'>erat</span> <span class='ocrx_word' id='word_1_689' title='bbox 1519 1804 1552 1830; x_wconf 88' lang='lat' dir='ltr'>ad</span> <span class='ocrx_word' id='word_1_690' title='bbox 1566 1812 1604 1830; x_wconf 82' lang='lat' dir='ltr'>sa-</span> 
     </span>
     <span class='ocr_line' id='line_1_109' title="bbox 962 1848 1603 1881; baseline 0.002 -8"><span class='ocrx_word' id='word_1_691' title='bbox 962 1848 1077 1873; x_wconf 92' lang='lat' dir='ltr'>nandum</span> <span class='ocrx_word' id='word_1_692' title='bbox 1097 1848 1215 1874; x_wconf 91' lang='lat' dir='ltr'>infirmos</span> <span class='ocrx_word' id='word_1_693' title='bbox 1233 1852 1371 1881; x_wconf 90' lang='lat' dir='ltr'>promptos</span> <span class='ocrx_word' id='word_1_694' title='bbox 1389 1849 1422 1874; x_wconf 91' lang='lat' dir='ltr'>ad</span> <span class='ocrx_word' id='word_1_695' title='bbox 1442 1849 1603 1875; x_wconf 90' lang='lat' dir='ltr'>audiendum</span> 
     </span>
     <span class='ocr_line' id='line_1_110' title="bbox 962 1892 1604 1924; baseline 0.003 -7"><span class='ocrx_word' id='word_1_696' title='bbox 962 1900 1009 1924; x_wconf 85' lang='lat' dir='ltr'>per</span> <span class='ocrx_word' id='word_1_697' title='bbox 1029 1892 1108 1918; x_wconf 89' lang='lat' dir='ltr'>fidem</span> <span class='ocrx_word' id='word_1_698' title='bbox 1130 1893 1180 1918; x_wconf 92' lang='grc'>124</span> <span class='ocrx_word' id='word_1_699' title='bbox 1201 1893 1234 1919; x_wconf 88' lang='grc'>43</span> <span class='ocrx_word' id='word_1_700' title='bbox 1253 1908 1288 1911; x_wconf 86' lang='lat'>——</span> <span class='ocrx_word' id='word_1_701' title='bbox 1308 1901 1379 1919; x_wconf 88' lang='lat' dir='ltr'>mera</span> <span class='ocrx_word' id='word_1_702' title='bbox 1399 1893 1552 1919; x_wconf 85' lang='lat' dir='ltr'>liberalitate</span> <span class='ocrx_word' id='word_1_703' title='bbox 1566 1901 1604 1919; x_wconf 88' lang='grc'>53-</span> 
     </span>
     <span class='ocr_line' id='line_1_111' title="bbox 963 1937 1603 1971; baseline 0.005 -9"><span class='ocrx_word' id='word_1_704' title='bbox 963 1937 1040 1963; x_wconf 89' lang='lat' dir='ltr'>nabat</span> <span class='ocrx_word' id='word_1_705' title='bbox 1060 1944 1105 1963; x_wconf 89' lang='lat' dir='ltr'>eos</span> <span class='ocrx_word' id='word_1_706' title='bbox 1125 1938 1170 1971; x_wconf 85' lang='grc'>1101</span> <span class='ocrx_word' id='word_1_707' title='bbox 1189 1938 1223 1964; x_wconf 86' lang='grc'>311</span> <span class='ocrx_word' id='word_1_708' title='bbox 1243 1939 1354 1970; x_wconf 87' lang='lat' dir='ltr'>gloriam</span> <span class='ocrx_word' id='word_1_709' title='bbox 1375 1939 1420 1964; x_wconf 88' lang='lat' dir='ltr'>Dei</span> <span class='ocrx_word' id='word_1_710' title='bbox 1440 1939 1603 1965; x_wconf 85' lang='lat' dir='ltr'>manifestan-</span> 
     </span>
     <span class='ocr_line' id='line_1_112' title="bbox 962 1982 1604 2009; baseline 0.003 -2"><span class='ocrx_word' id='word_1_711' title='bbox 962 1982 1023 2007; x_wconf 93' lang='lat' dir='ltr'>dam</span> <span class='ocrx_word' id='word_1_712' title='bbox 1044 1983 1140 2008; x_wconf 91' lang='lat' dir='ltr'>inflrmi</span> <span class='ocrx_word' id='word_1_713' title='bbox 1159 1986 1232 2008; x_wconf 90' lang='lat' dir='ltr'>crant</span> <span class='ocrx_word' id='word_1_714' title='bbox 1251 1983 1283 2009; x_wconf 93' lang='lat' dir='ltr'>Vl</span> <span class='ocrx_word' id='word_1_715' title='bbox 1303 1983 1354 2008; x_wconf 87' lang='lat'>306</span> <span class='ocrx_word' id='word_1_716' title='bbox 1370 1984 1402 2008; x_wconf 87' lang='grc'>18</span> <span class='ocrx_word' id='word_1_717' title='bbox 1417 1983 1604 2009; x_wconf 75' lang='lat' dir='ltr'>——liberaliter</span> 
     </span>
     <span class='ocr_line' id='line_1_113' title="bbox 962 2027 1604 2061; baseline 0.003 -9"><span class='ocrx_word' id='word_1_718' title='bbox 962 2027 1061 2053; x_wconf 85' lang='lat' dir='ltr'>dimisit</span> <span class='ocrx_word' id='word_1_719' title='bbox 1078 2030 1183 2053; x_wconf 87' lang='lat' dir='ltr'>sanatos</span> <span class='ocrx_word' id='word_1_720' title='bbox 1201 2028 1312 2060; x_wconf 82' lang='lat' dir='ltr'>liberos,</span> <span class='ocrx_word' id='word_1_721' title='bbox 1330 2028 1395 2061; x_wconf 86' lang='lat' dir='ltr'>quin</span> <span class='ocrx_word' id='word_1_722' title='bbox 1414 2028 1530 2060; x_wconf 79' lang='lat' dir='ltr'>exigeret</span> <span class='ocrx_word' id='word_1_723' title='bbox 1553 2035 1604 2054; x_wconf 82' lang='lat' dir='ltr'>ser·</span> 
     </span>
     <span class='ocr_line' id='line_1_114' title="bbox 962 2072 1604 2104; baseline 0.002 -7"><span class='ocrx_word' id='word_1_724' title='bbox 962 2072 1072 2098; x_wconf 86' lang='lat' dir='ltr'>vitutem</span> <span class='ocrx_word' id='word_1_725' title='bbox 1099 2079 1147 2104; x_wconf 90' lang='lat' dir='ltr'>pro</span> <span class='ocrx_word' id='word_1_726' title='bbox 1173 2072 1301 2098; x_wconf 84' lang='lat' dir='ltr'>beneficio</span> <span class='ocrx_word' id='word_1_727' title='bbox 1327 2073 1371 2098; x_wconf 91' lang='lat' dir='ltr'>Vll</span> <span class='ocrx_word' id='word_1_728' title='bbox 1397 2073 1449 2098; x_wconf 88' lang='lat'>360</span> <span class='ocrx_word' id='word_1_729' title='bbox 1472 2073 1489 2098; x_wconf 91' lang='grc'>7</span> <span class='ocrx_word' id='word_1_730' title='bbox 1507 2087 1543 2092; x_wconf 95' lang='grc'>-</span> <span class='ocrx_word' id='word_1_731' title='bbox 1563 2073 1604 2098; x_wconf 88' lang='grc'>311-</span> 
     </span>
     <span class='ocr_line' id='line_1_115' title="bbox 962 2117 1603 2150; baseline 0.002 -8"><span class='ocrx_word' id='word_1_732' title='bbox 962 2124 1042 2150; x_wconf 88' lang='grc'>1106111</span> <span class='ocrx_word' id='word_1_733' title='bbox 1062 2117 1165 2143; x_wconf 86' lang='lat' dir='ltr'>curavit</span> <span class='ocrx_word' id='word_1_734' title='bbox 1183 2117 1240 2143; x_wconf 90' lang='lat' dir='ltr'>sine</span> <span class='ocrx_word' id='word_1_735' title='bbox 1259 2117 1400 2149; x_wconf 87' lang='lat' dir='ltr'>precibus,</span> <span class='ocrx_word' id='word_1_736' title='bbox 1420 2118 1499 2143; x_wconf 85' lang='lat' dir='ltr'>alium</span> <span class='ocrx_word' id='word_1_737' title='bbox 1520 2118 1603 2149; x_wconf 86' lang='lat' dir='ltr'>preci-</span> 
     </span>
     <span class='ocr_line' id='line_1_116' title="bbox 963 2161 1603 2194; baseline 0.002 -7"><span class='ocrx_word' id='word_1_738' title='bbox 963 2161 1013 2187; x_wconf 89' lang='lat' dir='ltr'>bus</span> <span class='ocrx_word' id='word_1_739' title='bbox 1032 2161 1131 2193; x_wconf 82' lang='lat' dir='ltr'>alienis,</span> <span class='ocrx_word' id='word_1_740' title='bbox 1145 2162 1224 2187; x_wconf 91' lang='lat' dir='ltr'>alium</span> <span class='ocrx_word' id='word_1_741' title='bbox 1239 2162 1362 2194; x_wconf 85' lang='lat' dir='ltr'>precibus</span> <span class='ocrx_word' id='word_1_742' title='bbox 1375 2163 1490 2194; x_wconf 91' lang='lat' dir='ltr'>propriis</span> <span class='ocrx_word' id='word_1_743' title='bbox 1506 2163 1555 2188; x_wconf 92' lang='grc'>108</span> <span class='ocrx_word' id='word_1_744' title='bbox 1570 2164 1603 2188; x_wconf 96' lang='grc'>82</span> 
     </span>
    </p>

    <p class='ocr_par' dir='ltr' id='par_1_15' title="bbox 962 2207 1605 2593">
     <span class='ocr_line' id='line_1_117' title="bbox 1015 2207 1603 2239; baseline 0.002 -7"><span class='ocrx_word' id='word_1_745' title='bbox 1015 2220 1051 2225; x_wconf 94' lang='grc'>-</span> <span class='ocrx_word' id='word_1_746' title='bbox 1069 2213 1121 2232; x_wconf 90' lang='grc'>11011</span> <span class='ocrx_word' id='word_1_747' title='bbox 1141 2207 1226 2232; x_wconf 83' lang='lat' dir='ltr'>solum</span> <span class='ocrx_word' id='word_1_748' title='bbox 1245 2207 1270 2232; x_wconf 90' lang='lat' dir='ltr'>in</span> <span class='ocrx_word' id='word_1_749' title='bbox 1290 2214 1410 2239; x_wconf 86' lang='lat' dir='ltr'>corpore,</span> <span class='ocrx_word' id='word_1_750' title='bbox 1423 2207 1470 2233; x_wconf 90' lang='lat' dir='ltr'>sed</span> <span class='ocrx_word' id='word_1_751' title='bbox 1484 2207 1562 2233; x_wconf 88' lang='lat' dir='ltr'>etiam</span> <span class='ocrx_word' id='word_1_752' title='bbox 1578 2207 1603 2233; x_wconf 90' lang='lat' dir='ltr'>in</span> 
     </span>
     <span class='ocr_line' id='line_1_118' title="bbox 962 2250 1605 2285; baseline 0.003 -9"><span class='ocrx_word' id='word_1_753' title='bbox 962 2251 1048 2276; x_wconf 90' lang='lat' dir='ltr'>anima</span> <span class='ocrx_word' id='word_1_754' title='bbox 1076 2250 1186 2277; x_wconf 85' lang='lat' dir='ltr'>curabat</span> <span class='ocrx_word' id='word_1_755' title='bbox 1209 2254 1235 2277; x_wconf 83' lang='lat' dir='ltr'>et</span> <span class='ocrx_word' id='word_1_756' title='bbox 1262 2254 1345 2277; x_wconf 90' lang='lat' dir='ltr'>totum</span> <span class='ocrx_word' id='word_1_757' title='bbox 1364 2259 1458 2278; x_wconf 90' lang='lat' dir='ltr'>sanum</span> <span class='ocrx_word' id='word_1_758' title='bbox 1478 2252 1605 2285; x_wconf 89' lang='lat' dir='ltr'>relinque-</span> 
     </span>
     <span class='ocr_line' id='line_1_119' title="bbox 963 2295 1605 2323; baseline 0.005 -3"><span class='ocrx_word' id='word_1_759' title='bbox 963 2295 1008 2321; x_wconf 88' lang='lat' dir='ltr'>bat</span> <span class='ocrx_word' id='word_1_760' title='bbox 1026 2295 1058 2321; x_wconf 88' lang='lat' dir='ltr'>Vl</span> <span class='ocrx_word' id='word_1_761' title='bbox 1079 2296 1130 2321; x_wconf 91' lang='grc'>306</span> <span class='ocrx_word' id='word_1_762' title='bbox 1152 2296 1184 2321; x_wconf 90' lang='grc'>18</span> <span class='ocrx_word' id='word_1_763' title='bbox 1204 2309 1239 2315; x_wconf 86' lang='grc'>-</span> <span class='ocrx_word' id='word_1_764' title='bbox 1257 2296 1367 2322; x_wconf 83' lang='grc'>60131131</span> <span class='ocrx_word' id='word_1_765' title='bbox 1394 2296 1503 2322; x_wconf 90' lang='lat' dir='ltr'>interius</span> <span class='ocrx_word' id='word_1_766' title='bbox 1521 2300 1547 2322; x_wconf 91' lang='lat' dir='ltr'>et</span> <span class='ocrx_word' id='word_1_767' title='bbox 1565 2305 1605 2323; x_wconf 89' lang='lat' dir='ltr'>ex-</span> 
     </span>
     <span class='ocr_line' id='line_1_120' title="bbox 963 2339 1604 2369; baseline 0.003 -4"><span class='ocrx_word' id='word_1_768' title='bbox 963 2340 1043 2366; x_wconf 85' lang='lat' dir='ltr'>terius</span> <span class='ocrx_word' id='word_1_769' title='bbox 1061 2340 1112 2365; x_wconf 82' lang='lat'>346</span> <span class='ocrx_word' id='word_1_770' title='bbox 1134 2339 1167 2365; x_wconf 86' lang='lat'>34</span> <span class='ocrx_word' id='word_1_771' title='bbox 1188 2339 1226 2366; x_wconf 72' lang='lat'>2⁸.</span> <span class='ocrx_word' id='word_1_772' title='bbox 1247 2340 1299 2369; x_wconf 80' lang='grc'>380</span> <span class='ocrx_word' id='word_1_773' title='bbox 1320 2340 1361 2366; x_wconf 87' lang='grc'>44.</span> <span class='ocrx_word' id='word_1_774' title='bbox 1381 2341 1424 2366; x_wconf 94' lang='lat' dir='ltr'>Vll</span> <span class='ocrx_word' id='word_1_775' title='bbox 1445 2342 1496 2366; x_wconf 90' lang='grc'>120</span> <span class='ocrx_word' id='word_1_776' title='bbox 1516 2342 1549 2367; x_wconf 87' lang='grc'>28</span> <span class='ocrx_word' id='word_1_777' title='bbox 1569 2356 1604 2360; x_wconf 86' lang='grc'>-</span> 
     </span>
     <span class='ocr_line' id='line_1_121' title="bbox 962 2384 1605 2418; baseline 0.003 -8"><span class='ocrx_word' id='word_1_778' title='bbox 962 2387 1037 2410; x_wconf 87' lang='lat' dir='ltr'>curat</span> <span class='ocrx_word' id='word_1_779' title='bbox 1054 2384 1131 2410; x_wconf 85' lang='lat' dir='ltr'>simul</span> <span class='ocrx_word' id='word_1_780' title='bbox 1150 2385 1248 2410; x_wconf 81' lang='lat' dir='ltr'>infirmi</span> <span class='ocrx_word' id='word_1_781' title='bbox 1275 2385 1391 2411; x_wconf 89' lang='lat' dir='ltr'>animam</span> <span class='ocrx_word' id='word_1_782' title='bbox 1419 2392 1433 2411; x_wconf 88' lang='lat' dir='ltr'>a</span> <span class='ocrx_word' id='word_1_783' title='bbox 1453 2389 1560 2418; x_wconf 88' lang='lat' dir='ltr'>peccato</span> <span class='ocrx_word' id='word_1_784' title='bbox 1579 2389 1605 2412; x_wconf 86' lang='grc'>61</span> 
     </span>
     <span class='ocr_line' id='line_1_122' title="bbox 963 2427 1603 2461; baseline 0.003 -7"><span class='ocrx_word' id='word_1_785' title='bbox 963 2427 1060 2461; x_wconf 83' lang='lat' dir='ltr'>corpus</span> <span class='ocrx_word' id='word_1_786' title='bbox 1087 2436 1101 2454; x_wconf 89' lang='lat' dir='ltr'>a</span> <span class='ocrx_word' id='word_1_787' title='bbox 1128 2428 1223 2455; x_wconf 86' lang='lat' dir='ltr'>morbo</span> <span class='ocrx_word' id='word_1_788' title='bbox 1249 2430 1294 2455; x_wconf 64' lang='lat' dir='ltr'>Vll&gt;</span> <span class='ocrx_word' id='word_1_789' title='bbox 1321 2431 1369 2456; x_wconf 91' lang='grc'>125</span> <span class='ocrx_word' id='word_1_790' title='bbox 1390 2430 1422 2456; x_wconf 89' lang='grc'>47</span> <span class='ocrx_word' id='word_1_791' title='bbox 1443 2445 1476 2449; x_wconf 93' lang='grc'>-</span> <span class='ocrx_word' id='word_1_792' title='bbox 1495 2434 1570 2457; x_wconf 85' lang='lat' dir='ltr'>sanat</span> <span class='ocrx_word' id='word_1_793' title='bbox 1589 2438 1603 2456; x_wconf 91' lang='lat' dir='ltr'>a</span> 
     </span>
     <span class='ocr_line' id='line_1_123' title="bbox 963 2473 1604 2505; baseline 0.005 -7"><span class='ocrx_word' id='word_1_794' title='bbox 963 2473 1057 2505; x_wconf 89' lang='lat' dir='ltr'>triplici</span> <span class='ocrx_word' id='word_1_795' title='bbox 1082 2474 1260 2505; x_wconf 83' lang='lat' dir='ltr'>aegritudine.</span> <span class='ocrx_word' id='word_1_796' title='bbox 1285 2474 1388 2500; x_wconf 89' lang='lat' dir='ltr'>animae</span> <span class='ocrx_word' id='word_1_797' title='bbox 1415 2478 1440 2501; x_wconf 91' lang='lat' dir='ltr'>et</span> <span class='ocrx_word' id='word_1_798' title='bbox 1468 2475 1554 2502; x_wconf 87' lang='lat' dir='ltr'>carnis</span> <span class='ocrx_word' id='word_1_799' title='bbox 1579 2479 1604 2501; x_wconf 90' lang='lat' dir='ltr'>et</span> 
     </span>
     <span class='ocr_line' id='line_1_124' title="bbox 963 2517 1604 2550; baseline 0.005 -8"><span class='ocrx_word' id='word_1_800' title='bbox 963 2517 1100 2550; x_wconf 88' lang='lat' dir='ltr'>utriusque</span> <span class='ocrx_word' id='word_1_801' title='bbox 1129 2518 1179 2543; x_wconf 90' lang='grc'>189</span> <span class='ocrx_word' id='word_1_802' title='bbox 1208 2518 1223 2543; x_wconf 93' lang='grc'>4</span> <span class='ocrx_word' id='word_1_803' title='bbox 1248 2533 1283 2537; x_wconf 92' lang='grc'>-</span> <span class='ocrx_word' id='word_1_804' title='bbox 1308 2518 1418 2545; x_wconf 82' lang='lat' dir='ltr'>curabat</span> <span class='ocrx_word' id='word_1_805' title='bbox 1442 2520 1604 2545; x_wconf 80' lang='lat' dir='ltr'>infirmitates</span> 
     </span>
     <span class='ocr_line' id='line_1_125' title="bbox 963 2562 1227 2593; baseline 0.008 -7"><span class='ocrx_word' id='word_1_806' title='bbox 963 2568 1104 2593; x_wconf 80' lang='lat' dir='ltr'>corporum</span> <span class='ocrx_word' id='word_1_807' title='bbox 1125 2562 1174 2587; x_wconf 58' lang='lat'>&gt;122</span> <span class='ocrx_word' id='word_1_808' title='bbox 1194 2563 1227 2588; x_wconf 83' lang='lat'>34</span> 
     </span>
    </p>

    <p class='ocr_par' dir='ltr' id='par_1_16' title="bbox 963 2607 1605 2808">
     <span class='ocr_line' id='line_1_126' title="bbox 1016 2607 1604 2641; baseline 0.007 -11"><span class='ocrx_word' id='word_1_809' title='bbox 1016 2619 1051 2625; x_wconf 89' lang='lat'>—</span> <span class='ocrx_word' id='word_1_810' title='bbox 1075 2607 1174 2632; x_wconf 81' lang='lat' dir='ltr'>ratione</span> <span class='ocrx_word' id='word_1_811' title='bbox 1202 2607 1348 2633; x_wconf 89' lang='lat' dir='ltr'>Divinitatis</span> <span class='ocrx_word' id='word_1_812' title='bbox 1374 2611 1476 2640; x_wconf 88' lang='lat' dir='ltr'>poterat</span> <span class='ocrx_word' id='word_1_813' title='bbox 1503 2607 1604 2641; x_wconf 87' lang='lat' dir='ltr'>ubique</span> 
     </span>
     <span class='ocr_line' id='line_1_127' title="bbox 963 2650 1603 2684; baseline 0.005 -9"><span class='ocrx_word' id='word_1_814' title='bbox 963 2657 1056 2675; x_wconf 89' lang='lat' dir='ltr'>curare</span> <span class='ocrx_word' id='word_1_815' title='bbox 1084 2650 1139 2676; x_wconf 89' lang='lat' dir='ltr'>sine</span> <span class='ocrx_word' id='word_1_816' title='bbox 1167 2653 1313 2683; x_wconf 82' lang='lat' dir='ltr'>praesentia</span> <span class='ocrx_word' id='word_1_817' title='bbox 1339 2653 1469 2684; x_wconf 83' lang='lat' dir='ltr'>corp&#39;orali</span> <span class='ocrx_word' id='word_1_818' title='bbox 1499 2653 1531 2678; x_wconf 91' lang='lat' dir='ltr'>Vl</span> <span class='ocrx_word' id='word_1_819' title='bbox 1551 2653 1603 2678; x_wconf 89' lang='lat'>303</span> 
     </span>
     <span class='ocr_line' id='line_1_128' title="bbox 964 2694 1598 2728; baseline 0.002 -9"><span class='ocrx_word' id='word_1_820' title='bbox 964 2694 998 2719; x_wconf 87' lang='grc'>85</span> <span class='ocrx_word' id='word_1_821' title='bbox 1011 2694 1068 2727; x_wconf 88' lang='grc'>(84)</span> <span class='ocrx_word' id='word_1_822' title='bbox 1082 2709 1117 2713; x_wconf 92' lang='lat'>——</span> <span class='ocrx_word' id='word_1_823' title='bbox 1129 2696 1184 2721; x_wconf 91' lang='lat' dir='ltr'>solo</span> <span class='ocrx_word' id='word_1_824' title='bbox 1204 2700 1345 2728; x_wconf 90' lang='lat' dir='ltr'>praecepto</span> <span class='ocrx_word' id='word_1_825' title='bbox 1357 2699 1431 2722; x_wconf 83' lang='lat' dir='ltr'>sanat</span> <span class='ocrx_word' id='word_1_826' title='bbox 1444 2696 1496 2721; x_wconf 86' lang='lat'>304</span> <span class='ocrx_word' id='word_1_827' title='bbox 1511 2697 1556 2727; x_wconf 83' lang='grc'>10,</span> <span class='ocrx_word' id='word_1_828' title='bbox 1573 2696 1598 2721; x_wconf 90' lang='grc'>11</span> 
     </span>
     <span class='ocr_line' id='line_1_129' title="bbox 963 2739 1605 2765; baseline 0.002 -2"><span class='ocrx_word' id='word_1_829' title='bbox 963 2750 998 2757; x_wconf 87' lang='lat'>—-</span> <span class='ocrx_word' id='word_1_830' title='bbox 1012 2739 1121 2764; x_wconf 87' lang='lat' dir='ltr'>curabat</span> <span class='ocrx_word' id='word_1_831' title='bbox 1140 2746 1233 2765; x_wconf 88' lang='lat' dir='ltr'>omnes</span> <span class='ocrx_word' id='word_1_832' title='bbox 1252 2740 1285 2765; x_wconf 90' lang='lat' dir='ltr'>ad</span> <span class='ocrx_word' id='word_1_833' title='bbox 1305 2746 1333 2765; x_wconf 88' lang='lat' dir='ltr'>se</span> <span class='ocrx_word' id='word_1_834' title='bbox 1347 2740 1482 2765; x_wconf 87' lang='lat' dir='ltr'>venientes</span> <span class='ocrx_word' id='word_1_835' title='bbox 1495 2740 1551 2765; x_wconf 85' lang='lat' dir='ltr'>sine</span> <span class='ocrx_word' id='word_1_836' title='bbox 1564 2746 1605 2764; x_wconf 88' lang='lat' dir='ltr'>ex·</span> 
     </span>
     <span class='ocr_line' id='line_1_130' title="bbox 963 2783 1264 2808; baseline 0 0"><span class='ocrx_word' id='word_1_837' title='bbox 963 2783 1078 2808; x_wconf 86' lang='lat' dir='ltr'>elusione</span> <span class='ocrx_word' id='word_1_838' title='bbox 1099 2783 1140 2808; x_wconf 84' lang='lat' dir='ltr'>Vll</span> <span class='ocrx_word' id='word_1_839' title='bbox 1161 2784 1212 2808; x_wconf 87' lang='grc'>110</span> <span class='ocrx_word' id='word_1_840' title='bbox 1233 2784 1264 2808; x_wconf 89' lang='grc'>89</span> 
     </span>
    </p>

    <p class='ocr_par' dir='ltr' id='par_1_17' title="bbox 963 2827 1605 2990">
     <span class='ocr_line' id='line_1_131' title="bbox 1017 2827 1605 2859; baseline 0 -7"><span class='ocrx_word' id='word_1_841' title='bbox 1017 2841 1052 2845; x_wconf 85' lang='grc'>-</span> <span class='ocrx_word' id='word_1_842' title='bbox 1072 2830 1174 2859; x_wconf 84' lang='lat' dir='ltr'>poterat</span> <span class='ocrx_word' id='word_1_843' title='bbox 1192 2827 1248 2852; x_wconf 85' lang='lat' dir='ltr'>aliis</span> <span class='ocrx_word' id='word_1_844' title='bbox 1273 2827 1470 2852; x_wconf 86' lang='lat' dir='ltr'>communicare</span> <span class='ocrx_word' id='word_1_845' title='bbox 1494 2830 1605 2858; x_wconf 83' lang='lat' dir='ltr'>potesta-</span> 
     </span>
     <span class='ocr_line' id='line_1_132' title="bbox 964 2871 1604 2897; baseline 0 0"><span class='ocrx_word' id='word_1_846' title='bbox 964 2874 1016 2897; x_wconf 88' lang='lat' dir='ltr'>tem</span> <span class='ocrx_word' id='word_1_847' title='bbox 1045 2871 1154 2897; x_wconf 85' lang='lat' dir='ltr'>sanandi</span> <span class='ocrx_word' id='word_1_848' title='bbox 1178 2871 1222 2896; x_wconf 87' lang='lat' dir='ltr'>Vll</span> <span class='ocrx_word' id='word_1_849' title='bbox 1251 2871 1302 2895; x_wconf 88' lang='grc'>110</span> <span class='ocrx_word' id='word_1_850' title='bbox 1331 2871 1365 2895; x_wconf 89' lang='grc'>89</span> <span class='ocrx_word' id='word_1_851' title='bbox 1384 2883 1419 2889; x_wconf 92' lang='grc'>-</span> <span class='ocrx_word' id='word_1_852' title='bbox 1437 2874 1512 2896; x_wconf 84' lang='lat' dir='ltr'>curat</span> <span class='ocrx_word' id='word_1_853' title='bbox 1536 2878 1604 2897; x_wconf 87' lang='lat' dir='ltr'>com-</span> 
     </span>
     <span class='ocr_line' id='line_1_133' title="bbox 965 2914 1603 2947; baseline 0.002 -6"><span class='ocrx_word' id='word_1_854' title='bbox 965 2916 1125 2941; x_wconf 84' lang='lat' dir='ltr'>municando</span> <span class='ocrx_word' id='word_1_855' title='bbox 1144 2915 1201 2940; x_wconf 88' lang='lat' dir='ltr'>aliis</span> <span class='ocrx_word' id='word_1_856' title='bbox 1219 2914 1342 2939; x_wconf 80' lang='lat' dir='ltr'>virtutem</span> <span class='ocrx_word' id='word_1_857' title='bbox 1358 2914 1407 2939; x_wconf 80' lang='grc'>147</span> <span class='ocrx_word' id='word_1_858' title='bbox 1424 2914 1455 2940; x_wconf 89' lang='grc'>46</span> <span class='ocrx_word' id='word_1_859' title='bbox 1470 2929 1504 2933; x_wconf 93' lang='lat'><em>-</em></span> <span class='ocrx_word' id='word_1_860' title='bbox 1518 2918 1603 2947; x_wconf 81' lang='lat' dir='ltr'>potest</span> 
     </span>
     <span class='ocr_line' id='line_1_134' title="bbox 963 2958 1450 2990; baseline -0.004 -5"><span class='ocrx_word' id='word_1_861' title='bbox 963 2960 1073 2985; x_wconf 89' lang='lat' dir='ltr'>salutem</span> <span class='ocrx_word' id='word_1_862' title='bbox 1092 2960 1157 2985; x_wconf 90' lang='lat' dir='ltr'>dare</span> <span class='ocrx_word' id='word_1_863' title='bbox 1176 2965 1223 2990; x_wconf 90' lang='lat' dir='ltr'>per</span> <span class='ocrx_word' id='word_1_864' title='bbox 1242 2958 1329 2984; x_wconf 84' lang='lat' dir='ltr'>infima</span> <span class='ocrx_word' id='word_1_865' title='bbox 1350 2959 1396 2983; x_wconf 84' lang='grc'>211</span> <span class='ocrx_word' id='word_1_866' title='bbox 1421 2959 1450 2984; x_wconf 89' lang='grc'>81</span> 
     </span>
    </p>

    <p class='ocr_par' dir='ltr' id='par_1_18' title="bbox 964 3001 1604 3300">
     <span class='ocr_line' id='line_1_135' title="bbox 1017 3001 1603 3035; baseline 0.007 -8"><span class='ocrx_word' id='word_1_867' title='bbox 1017 3016 1051 3022; x_wconf 90' lang='lat'>-</span> <span class='ocrx_word' id='word_1_868' title='bbox 1071 3005 1220 3035; x_wconf 87' lang='lat' dir='ltr'>opportune</span> <span class='ocrx_word' id='word_1_869' title='bbox 1248 3001 1356 3028; x_wconf 83' lang='lat' dir='ltr'>sanabat</span> <span class='ocrx_word' id='word_1_870' title='bbox 1380 3003 1405 3028; x_wconf 85' lang='lat' dir='ltr'>ln</span> <span class='ocrx_word' id='word_1_871' title='bbox 1425 3003 1540 3030; x_wconf 88' lang='lat' dir='ltr'>Sabbato</span> <span class='ocrx_word' id='word_1_872' title='bbox 1559 3005 1603 3031; x_wconf 90' lang='lat' dir='ltr'>Vll</span> 
     </span>
     <span class='ocr_line' id='line_1_136' title="bbox 965 3046 1603 3078; baseline 0.003 -5"><span class='ocrx_word' id='word_1_873' title='bbox 965 3047 1016 3073; x_wconf 80' lang='grc'>344</span> <span class='ocrx_word' id='word_1_874' title='bbox 1036 3048 1065 3072; x_wconf 86' lang='grc'>31</span> <span class='ocrx_word' id='word_1_875' title='bbox 1094 3059 1130 3066; x_wconf 85' lang='grc'>-</span> <span class='ocrx_word' id='word_1_876' title='bbox 1155 3046 1267 3072; x_wconf 86' lang='lat' dir='ltr'>maxime</span> <span class='ocrx_word' id='word_1_877' title='bbox 1295 3046 1453 3078; x_wconf 78' lang='lat' dir='ltr'>operabatur</span> <span class='ocrx_word' id='word_1_878' title='bbox 1479 3048 1603 3075; x_wconf 84' lang='lat' dir='ltr'>miracula</span> 
     </span>
     <span class='ocr_line' id='line_1_137' title="bbox 965 3090 1604 3119; baseline 0.003 -2"><span class='ocrx_word' id='word_1_879' title='bbox 965 3092 990 3117; x_wconf 92' lang='lat' dir='ltr'>in</span> <span class='ocrx_word' id='word_1_880' title='bbox 1008 3090 1130 3117; x_wconf 82' lang='lat' dir='ltr'>Sabbatis</span> <span class='ocrx_word' id='word_1_881' title='bbox 1159 3091 1190 3116; x_wconf 92' lang='lat' dir='ltr'>Vl</span> <span class='ocrx_word' id='word_1_882' title='bbox 1220 3091 1270 3116; x_wconf 84' lang='grc'>308</span> <span class='ocrx_word' id='word_1_883' title='bbox 1299 3091 1332 3116; x_wconf 85' lang='grc'>33</span> <span class='ocrx_word' id='word_1_884' title='bbox 1351 3105 1387 3111; x_wconf 91' lang='grc'>-</span> <span class='ocrx_word' id='word_1_885' title='bbox 1407 3093 1455 3118; x_wconf 81' lang='lat' dir='ltr'>Per</span> <span class='ocrx_word' id='word_1_886' title='bbox 1480 3092 1604 3119; x_wconf 87' lang='lat' dir='ltr'>miracula</span> 
     </span>
     <span class='ocr_line' id='line_1_138' title="bbox 965 3133 1603 3168; baseline 0.005 -8"><span class='ocrx_word' id='word_1_887' title='bbox 965 3137 1029 3161; x_wconf 83' lang='lat' dir='ltr'>facta</span> <span class='ocrx_word' id='word_1_888' title='bbox 1049 3135 1075 3160; x_wconf 94' lang='lat' dir='ltr'>in</span> <span class='ocrx_word' id='word_1_889' title='bbox 1095 3133 1210 3160; x_wconf 77' lang='lat' dir='ltr'>sabbato</span> <span class='ocrx_word' id='word_1_890' title='bbox 1229 3142 1243 3160; x_wconf 89' lang='lat' dir='ltr'>a</span> <span class='ocrx_word' id='word_1_891' title='bbox 1262 3134 1340 3160; x_wconf 80' lang='lat' dir='ltr'>bonis</span> <span class='ocrx_word' id='word_1_892' title='bbox 1358 3136 1569 3168; x_wconf 83' lang='lat' dir='ltr'>cognoscebatur</span> <span class='ocrx_word' id='word_1_893' title='bbox 1583 3138 1603 3163; x_wconf 87' lang='lat' dir='ltr'>is</span> 
     </span>
     <span class='ocr_line' id='line_1_139' title="bbox 964 3174 1603 3212; baseline 0.005 -8"><span class='ocrx_word' id='word_1_894' title='bbox 964 3179 1010 3212; x_wconf 88' lang='lat' dir='ltr'>qui</span> <span class='ocrx_word' id='word_1_895' title='bbox 1029 3179 1126 3211; x_wconf 82' lang='lat' dir='ltr'>Legem</span> <span class='ocrx_word' id='word_1_896' title='bbox 1146 3179 1255 3205; x_wconf 82' lang='lat' dir='ltr'>dederat</span> <span class='ocrx_word' id='word_1_897' title='bbox 1273 3182 1298 3205; x_wconf 90' lang='lat' dir='ltr'>et</span> <span class='ocrx_word' id='word_1_898' title='bbox 1311 3180 1414 3206; x_wconf 86' lang='lat' dir='ltr'>solvere</span> <span class='ocrx_word' id='word_1_899' title='bbox 1427 3174 1529 3212; x_wconf 75' lang='lat' dir='ltr'>po&#39;terat</span> <span class='ocrx_word' id='word_1_900' title='bbox 1541 3180 1603 3207; x_wconf 73' lang='lat' dir='ltr'>ibid.</span> 
     </span>
     <span class='ocr_line' id='line_1_140' title="bbox 966 3223 1604 3251; baseline 0.005 -3"><span class='ocrx_word' id='word_1_901' title='bbox 966 3237 999 3242; x_wconf 82' lang='lat'>-—-</span> <span class='ocrx_word' id='word_1_902' title='bbox 1019 3223 1138 3249; x_wconf 83' lang='lat' dir='ltr'>faciendo</span> <span class='ocrx_word' id='word_1_903' title='bbox 1157 3223 1281 3249; x_wconf 87' lang='lat' dir='ltr'>miracula</span> <span class='ocrx_word' id='word_1_904' title='bbox 1305 3224 1331 3249; x_wconf 91' lang='lat' dir='ltr'>in</span> <span class='ocrx_word' id='word_1_905' title='bbox 1358 3223 1472 3250; x_wconf 81' lang='lat' dir='ltr'>Sabbato</span> <span class='ocrx_word' id='word_1_906' title='bbox 1491 3224 1604 3251; x_wconf 89' lang='lat' dir='ltr'>ostendit</span> 
     </span>
     <span class='ocr_line' id='line_1_141' title="bbox 964 3267 1602 3300; baseline 0.003 -7"><span class='ocrx_word' id='word_1_907' title='bbox 964 3274 993 3293; x_wconf 86' lang='lat' dir='ltr'>se</span> <span class='ocrx_word' id='word_1_908' title='bbox 1012 3267 1150 3294; x_wconf 89' lang='lat' dir='ltr'>dominum</span> <span class='ocrx_word' id='word_1_909' title='bbox 1168 3268 1246 3300; x_wconf 84' lang='lat' dir='ltr'>Legis</span> <span class='ocrx_word' id='word_1_910' title='bbox 1264 3271 1290 3293; x_wconf 89' lang='grc'>61</span> <span class='ocrx_word' id='word_1_911' title='bbox 1308 3267 1414 3294; x_wconf 82' lang='lat' dir='ltr'>Sabbati</span> <span class='ocrx_word' id='word_1_912' title='bbox 1435 3269 1478 3294; x_wconf 93' lang='lat' dir='ltr'>Vll</span> <span class='ocrx_word' id='word_1_913' title='bbox 1497 3268 1549 3294; x_wconf 79' lang='grc'>342</span> <span class='ocrx_word' id='word_1_914' title='bbox 1569 3270 1602 3295; x_wconf 85' lang='grc'>22</span> 
     </span>
    </p>

    <p class='ocr_par' dir='ltr' id='par_1_19' title="bbox 962 3312 1603 3434">
     <span class='ocr_line' id='line_1_142' title="bbox 1017 3312 1603 3344; baseline 0.003 -7"><span class='ocrx_word' id='word_1_915' title='bbox 1017 3325 1051 3331; x_wconf 91' lang='grc'><strong>-</strong></span> <span class='ocrx_word' id='word_1_916' title='bbox 1071 3312 1135 3338; x_wconf 91' lang='lat' dir='ltr'>dum</span> <span class='ocrx_word' id='word_1_917' title='bbox 1154 3315 1242 3344; x_wconf 84' lang='lat' dir='ltr'>curat,</span> <span class='ocrx_word' id='word_1_918' title='bbox 1261 3312 1375 3338; x_wconf 73' lang='lat' dir='ltr'>ostendit</span> <span class='ocrx_word' id='word_1_919' title='bbox 1402 3319 1430 3338; x_wconf 89' lang='lat' dir='ltr'>se</span> <span class='ocrx_word' id='word_1_920' title='bbox 1458 3313 1603 3339; x_wconf 84' lang='lat' dir='ltr'>misericor-</span> 
     </span>
     <span class='ocr_line' id='line_1_143' title="bbox 964 3355 1601 3388; baseline 0 -6"><span class='ocrx_word' id='word_1_921' title='bbox 964 3355 1034 3388; x_wconf 85' lang='lat' dir='ltr'>dem,</span> <span class='ocrx_word' id='word_1_922' title='bbox 1053 3357 1117 3382; x_wconf 84' lang='lat' dir='ltr'>‹lum</span> <span class='ocrx_word' id='word_1_923' title='bbox 1137 3362 1188 3382; x_wconf 92' lang='lat' dir='ltr'>non</span> <span class='ocrx_word' id='word_1_924' title='bbox 1212 3359 1286 3382; x_wconf 84' lang='lat' dir='ltr'>curat</span> <span class='ocrx_word' id='word_1_925' title='bbox 1310 3356 1408 3382; x_wconf 88' lang='lat' dir='ltr'>iustum</span> <span class='ocrx_word' id='word_1_926' title='bbox 1436 3356 1476 3382; x_wconf 89' lang='lat' dir='ltr'>Vll</span> <span class='ocrx_word' id='word_1_927' title='bbox 1497 3356 1547 3382; x_wconf 88' lang='grc'>137</span> <span class='ocrx_word' id='word_1_928' title='bbox 1569 3357 1601 3382; x_wconf 91' lang='grc'>13</span> 
     </span>
     <span class='ocr_line' id='line_1_144' title="bbox 962 3399 1600 3434; baseline 0.003 -9"><span class='ocrx_word' id='word_1_929' title='bbox 962 3412 999 3419; x_wconf 91' lang='grc'>-</span> <span class='ocrx_word' id='word_1_930' title='bbox 1017 3407 1113 3432; x_wconf 80' lang='lat' dir='ltr'>magna</span> <span class='ocrx_word' id='word_1_931' title='bbox 1132 3399 1311 3426; x_wconf 75' lang='lat' dir='ltr'>misericordia</span> <span class='ocrx_word' id='word_1_932' title='bbox 1323 3400 1424 3426; x_wconf 78' lang='lat' dir='ltr'>sanavit</span> <span class='ocrx_word' id='word_1_933' title='bbox 1436 3407 1505 3434; x_wconf 89' lang='lat' dir='ltr'>eum,</span> <span class='ocrx_word' id='word_1_934' title='bbox 1519 3407 1533 3426; x_wconf 88' lang='lat' dir='ltr'>a</span> <span class='ocrx_word' id='word_1_935' title='bbox 1546 3408 1600 3434; x_wconf 82' lang='lat' dir='ltr'>quo</span> 
     </span>
    </p>
   </div>
   <div class='ocr_carea' id='block_1_5' title="bbox 1633 289 2285 3427">
    <p class='ocr_par' dir='ltr' id='par_1_20' title="bbox 1882 289 2024 323">
     <span class='ocr_line' id='line_1_145' title="bbox 1882 289 2024 323; baseline -0.007 -7"><span class='ocrx_word' id='word_1_936' title='bbox 1882 289 1946 316; x_wconf 86' lang='lat' dir='ltr'>CHR</span> <span class='ocrx_word' id='word_1_937' title='bbox 1966 290 2024 323; x_wconf 92' lang='grc'>(11)</span> 
     </span>
    </p>

    <p class='ocr_par' dir='ltr' id='par_1_21' title="bbox 1633 333 2278 411">
     <span class='ocr_line' id='line_1_146' title="bbox 1633 333 2278 371; baseline 0.002 -12"><span class='ocrx_word' id='word_1_938' title='bbox 1633 334 1750 360; x_wconf 90' lang='lat' dir='ltr'>nondum</span> <span class='ocrx_word' id='word_1_939' title='bbox 1775 333 1984 371; x_wconf 76' lang='lat' dir='ltr'>cognoscebatur</span> <span class='ocrx_word' id='word_1_940' title='bbox 2009 334 2042 359; x_wconf 91' lang='lat' dir='ltr'>Vt</span> <span class='ocrx_word' id='word_1_941' title='bbox 2069 334 2121 360; x_wconf 88' lang='lat'>564</span> <span class='ocrx_word' id='word_1_942' title='bbox 2141 342 2166 360; x_wconf 95' lang='lat' dir='ltr'>v.</span> <span class='ocrx_word' id='word_1_943' title='bbox 2192 335 2220 360; x_wconf 91' lang='lat' dir='ltr'>l3</span> <span class='ocrx_word' id='word_1_944' title='bbox 2242 348 2278 354; x_wconf 89' lang='lat'><em>—</em></span> 
     </span>
     <span class='ocr_line' id='line_1_147' title="bbox 1633 378 2276 411; baseline 0.002 -8"><span class='ocrx_word' id='word_1_945' title='bbox 1633 378 1735 404; x_wconf 90' lang='lat' dir='ltr'>curavit</span> <span class='ocrx_word' id='word_1_946' title='bbox 1746 384 1846 411; x_wconf 85' lang='lat' dir='ltr'>caecos,</span> <span class='ocrx_word' id='word_1_947' title='bbox 1857 379 1978 411; x_wconf 87' lang='lat' dir='ltr'>claudos,</span> <span class='ocrx_word' id='word_1_948' title='bbox 1988 378 2112 405; x_wconf 88' lang='lat' dir='ltr'>obsessos</span> <span class='ocrx_word' id='word_1_949' title='bbox 2126 379 2169 405; x_wconf 92' lang='lat' dir='ltr'>Vll</span> <span class='ocrx_word' id='word_1_950' title='bbox 2180 379 2231 404; x_wconf 89' lang='grc'>289</span> <span class='ocrx_word' id='word_1_951' title='bbox 2243 379 2276 404; x_wconf 86' lang='grc'>37</span> 
     </span>
    </p>

    <p class='ocr_par' dir='ltr' id='par_1_22' title="bbox 1634 423 2281 760">
     <span class='ocr_line' id='line_1_148' title="bbox 1687 423 2277 454; baseline 0.002 -6"><span class='ocrx_word' id='word_1_952' title='bbox 1687 436 1722 441; x_wconf 83' lang='lat'>-—·</span> <span class='ocrx_word' id='word_1_953' title='bbox 1741 423 1855 454; x_wconf 85' lang='lat' dir='ltr'>respexit</span> <span class='ocrx_word' id='word_1_954' title='bbox 1867 429 1976 448; x_wconf 88' lang='lat' dir='ltr'>caecum</span> <span class='ocrx_word' id='word_1_955' title='bbox 1990 424 2066 449; x_wconf 89' lang='lat' dir='ltr'>oculo</span> <span class='ocrx_word' id='word_1_956' title='bbox 2081 423 2277 449; x_wconf 85' lang='lat' dir='ltr'>misericordiae</span> 
     </span>
     <span class='ocr_line' id='line_1_149' title="bbox 1636 467 2278 500; baseline 0.002 -8"><span class='ocrx_word' id='word_1_957' title='bbox 1636 467 1666 492; x_wconf 94' lang='lat' dir='ltr'>Vl</span> <span class='ocrx_word' id='word_1_958' title='bbox 1687 467 1738 492; x_wconf 89' lang='grc'>372</span> <span class='ocrx_word' id='word_1_959' title='bbox 1760 468 1769 492; x_wconf 86' lang='grc'>1</span> <span class='ocrx_word' id='word_1_960' title='bbox 1794 480 1830 486; x_wconf 90' lang='grc'>-</span> <span class='ocrx_word' id='word_1_961' title='bbox 1853 467 1956 500; x_wconf 89' lang='lat' dir='ltr'>quaerit</span> <span class='ocrx_word' id='word_1_962' title='bbox 1983 474 2093 493; x_wconf 88' lang='lat' dir='ltr'>caecum</span> <span class='ocrx_word' id='word_1_963' title='bbox 2122 467 2233 493; x_wconf 89' lang='lat' dir='ltr'>eiectum</span> <span class='ocrx_word' id='word_1_964' title='bbox 2263 474 2278 492; x_wconf 91' lang='lat' dir='ltr'>a</span> 
     </span>
     <span class='ocr_line' id='line_1_150' title="bbox 1635 511 2277 544; baseline 0 -7"><span class='ocrx_word' id='word_1_965' title='bbox 1635 511 1794 544; x_wconf 76' lang='lat' dir='ltr'>pharisaeis,</span> <span class='ocrx_word' id='word_1_966' title='bbox 1813 512 1901 538; x_wconf 89' lang='lat' dir='ltr'>studio</span> <span class='ocrx_word' id='word_1_967' title='bbox 1930 512 2090 544; x_wconf 84' lang='lat' dir='ltr'>suscipiendi</span> <span class='ocrx_word' id='word_1_968' title='bbox 2117 512 2168 538; x_wconf 91' lang='lat'>380</span> <span class='ocrx_word' id='word_1_969' title='bbox 2189 511 2223 537; x_wconf 91' lang='lat'>46</span> <span class='ocrx_word' id='word_1_970' title='bbox 2241 526 2277 531; x_wconf 96' lang='lat'>—</span> 
     </span>
     <span class='ocr_line' id='line_1_151' title="bbox 1634 556 2279 588; baseline 0 -7"><span class='ocrx_word' id='word_1_971' title='bbox 1634 556 1804 588; x_wconf 87' lang='lat' dir='ltr'>corporaliter</span> <span class='ocrx_word' id='word_1_972' title='bbox 1830 556 1987 582; x_wconf 88' lang='lat' dir='ltr'>illuminavit</span> <span class='ocrx_word' id='word_1_973' title='bbox 2015 563 2124 582; x_wconf 90' lang='lat' dir='ltr'>caecum</span> <span class='ocrx_word' id='word_1_974' title='bbox 2144 556 2178 582; x_wconf 86' lang='lat' dir='ltr'>ad</span> <span class='ocrx_word' id='word_1_975' title='bbox 2198 556 2279 582; x_wconf 87' lang='lat' dir='ltr'>mani-</span> 
     </span>
     <span class='ocr_line' id='line_1_152' title="bbox 1637 600 2273 627; baseline -0.002 -1"><span class='ocrx_word' id='word_1_976' title='bbox 1637 601 1781 626; x_wconf 84' lang='lat' dir='ltr'>festandam</span> <span class='ocrx_word' id='word_1_977' title='bbox 1795 600 1818 626; x_wconf 94' lang='lat' dir='ltr'>ei</span> <span class='ocrx_word' id='word_1_978' title='bbox 1832 600 2041 626; x_wconf 85' lang='lat' dir='ltr'>excaecationem</span> <span class='ocrx_word' id='word_1_979' title='bbox 2055 601 2212 627; x_wconf 86' lang='lat' dir='ltr'>ludaeorum</span> <span class='ocrx_word' id='word_1_980' title='bbox 2226 600 2273 626; x_wconf 88' lang='grc'>381</span> 
     </span>
     <span class='ocr_line' id='line_1_153' title="bbox 1636 645 2281 677; baseline 0 -7"><span class='ocrx_word' id='word_1_981' title='bbox 1636 645 1669 670; x_wconf 88' lang='grc'>50</span> <span class='ocrx_word' id='word_1_982' title='bbox 1688 659 1724 664; x_wconf 91' lang='grc'><strong>-</strong></span> <span class='ocrx_word' id='word_1_983' title='bbox 1743 645 1769 671; x_wconf 91' lang='grc'>111</span> <span class='ocrx_word' id='word_1_984' title='bbox 1788 645 1977 671; x_wconf 88' lang='lat' dir='ltr'>illuminatione</span> <span class='ocrx_word' id='word_1_985' title='bbox 1996 645 2120 677; x_wconf 88' lang='lat' dir='ltr'>pauperis</span> <span class='ocrx_word' id='word_1_986' title='bbox 2138 645 2209 671; x_wconf 86' lang='lat' dir='ltr'>caeci</span> <span class='ocrx_word' id='word_1_987' title='bbox 2225 651 2281 670; x_wconf 91' lang='lat' dir='ltr'>ma-</span> 
     </span>
     <span class='ocr_line' id='line_1_154' title="bbox 1636 689 2279 722; baseline -0.002 -7"><span class='ocrx_word' id='word_1_988' title='bbox 1636 690 1741 715; x_wconf 89' lang='lat' dir='ltr'>nifestat</span> <span class='ocrx_word' id='word_1_989' title='bbox 1768 692 1925 722; x_wconf 85' lang='lat' dir='ltr'>potestatem</span> <span class='ocrx_word' id='word_1_990' title='bbox 1958 693 1984 716; x_wconf 89' lang='lat' dir='ltr'>et</span> <span class='ocrx_word' id='word_1_991' title='bbox 2015 689 2203 722; x_wconf 84' lang='lat' dir='ltr'>benignitatem</span> <span class='ocrx_word' id='word_1_992' title='bbox 2237 689 2279 715; x_wconf 92' lang='lat' dir='ltr'>Vll</span> 
     </span>
     <span class='ocr_line' id='line_1_155' title="bbox 1637 734 1741 760; baseline -0.01 0"><span class='ocrx_word' id='word_1_993' title='bbox 1637 734 1687 760; x_wconf 90' lang='lat'>470</span> <span class='ocrx_word' id='word_1_994' title='bbox 1708 735 1741 760; x_wconf 90' lang='grc'>58</span> 
     </span>
    </p>

    <p class='ocr_par' dir='ltr' id='par_1_23' title="bbox 1637 778 2281 1071">
     <span class='ocr_line' id='line_1_156' title="bbox 1690 778 2281 811; baseline 0 -7"><span class='ocrx_word' id='word_1_995' title='bbox 1690 792 1725 797; x_wconf 89' lang='grc'>-</span> <span class='ocrx_word' id='word_1_996' title='bbox 1744 778 1849 805; x_wconf 91' lang='lat' dir='ltr'>Curatio</span> <span class='ocrx_word' id='word_1_997' title='bbox 1869 779 1967 811; x_wconf 89' lang='lat' dir='ltr'>leprosi</span> <span class='ocrx_word' id='word_1_998' title='bbox 1990 779 2037 804; x_wconf 91' lang='lat' dir='ltr'>fuit</span> <span class='ocrx_word' id='word_1_999' title='bbox 2060 778 2224 805; x_wconf 86' lang='lat' dir='ltr'>admirabilis</span> <span class='ocrx_word' id='word_1_1000' title='bbox 2242 785 2281 804; x_wconf 93' lang='lat' dir='ltr'>ra·</span> 
     </span>
     <span class='ocr_line' id='line_1_157' title="bbox 1637 822 2281 855; baseline -0.002 -7"><span class='ocrx_word' id='word_1_1001' title='bbox 1637 823 1707 849; x_wconf 90' lang='lat' dir='ltr'>tione</span> <span class='ocrx_word' id='word_1_1002' title='bbox 1725 824 1887 854; x_wconf 87' lang='lat' dir='ltr'>clementiae,</span> <span class='ocrx_word' id='word_1_1003' title='bbox 1909 823 2041 855; x_wconf 88' lang='lat' dir='ltr'>potentiae</span> <span class='ocrx_word' id='word_1_1004' title='bbox 2054 826 2079 848; x_wconf 90' lang='lat' dir='ltr'>et</span> <span class='ocrx_word' id='word_1_1005' title='bbox 2092 823 2224 848; x_wconf 80' lang='lat' dir='ltr'>efficaciae</span> <span class='ocrx_word' id='word_1_1006' title='bbox 2237 822 2281 848; x_wconf 83' lang='lat' dir='ltr'>Vll</span> 
     </span>
     <span class='ocr_line' id='line_1_158' title="bbox 1638 866 2280 900; baseline -0.002 -7"><span class='ocrx_word' id='word_1_1007' title='bbox 1638 869 1688 893; x_wconf 86' lang='grc'>119</span> <span class='ocrx_word' id='word_1_1008' title='bbox 1710 869 1743 893; x_wconf 87' lang='grc'>28</span> <span class='ocrx_word' id='word_1_1009' title='bbox 1762 882 1798 887; x_wconf 94' lang='grc'>-</span> <span class='ocrx_word' id='word_1_1010' title='bbox 1816 875 1878 894; x_wconf 83' lang='grc'>60111</span> <span class='ocrx_word' id='word_1_1011' title='bbox 1898 871 1988 900; x_wconf 85' lang='grc'>1105561</span> <span class='ocrx_word' id='word_1_1012' title='bbox 2006 874 2100 893; x_wconf 84' lang='grc'>601316</span> <span class='ocrx_word' id='word_1_1013' title='bbox 2112 868 2168 893; x_wconf 88' lang='grc'>5010</span> <span class='ocrx_word' id='word_1_1014' title='bbox 2189 866 2280 898; x_wconf 84' lang='lat' dir='ltr'>verbo,</span> 
     </span>
     <span class='ocr_line' id='line_1_159' title="bbox 1638 903 2280 944; baseline -0.003 -6"><span class='ocrx_word' id='word_1_1015' title='bbox 1638 913 1729 938; x_wconf 91' lang='lat' dir='ltr'>maluit</span> <span class='ocrx_word' id='word_1_1016' title='bbox 1748 916 1870 944; x_wconf 79' lang='lat' dir='ltr'>tangere,</span> <span class='ocrx_word' id='word_1_1017' title='bbox 1890 915 1918 938; x_wconf 91' lang='lat' dir='ltr'>ut</span> <span class='ocrx_word' id='word_1_1018' title='bbox 1943 912 2095 938; x_wconf 88' lang='lat' dir='ltr'>ostenderet</span> <span class='ocrx_word' id='word_1_1019' title='bbox 2113 918 2189 937; x_wconf 86' lang='lat' dir='ltr'>suam</span> <span class='ocrx_word' id='word_1_1020' title='bbox 2209 903 2280 937; x_wconf 84' lang='lat' dir='ltr'>beni-</span> 
     </span>
     <span class='ocr_line' id='line_1_160' title="bbox 1638 955 2280 989; baseline -0.002 -7"><span class='ocrx_word' id='word_1_1021' title='bbox 1638 957 1764 989; x_wconf 85' lang='lat' dir='ltr'>gnitatem</span> <span class='ocrx_word' id='word_1_1022' title='bbox 1784 955 1846 983; x_wconf 86' lang='lat' dir='ltr'>ibid.</span> <span class='ocrx_word' id='word_1_1023' title='bbox 1860 969 1895 974; x_wconf 85' lang='lat'>—-</span> <span class='ocrx_word' id='word_1_1024' title='bbox 1908 956 2056 982; x_wconf 88' lang='lat' dir='ltr'>admirabili</span> <span class='ocrx_word' id='word_1_1025' title='bbox 2075 956 2191 988; x_wconf 90' lang='lat' dir='ltr'>potentia</span> <span class='ocrx_word' id='word_1_1026' title='bbox 2204 962 2280 981; x_wconf 89' lang='lat' dir='ltr'>cura-</span> 
     </span>
     <span class='ocr_line' id='line_1_161' title="bbox 1638 999 2280 1032; baseline -0.002 -6"><span class='ocrx_word' id='word_1_1027' title='bbox 1638 1002 1676 1027; x_wconf 92' lang='lat' dir='ltr'>vit</span> <span class='ocrx_word' id='word_1_1028' title='bbox 1699 1001 1838 1027; x_wconf 87' lang='lat' dir='ltr'>mulierem</span> <span class='ocrx_word' id='word_1_1029' title='bbox 1862 1008 1876 1026; x_wconf 95' lang='lat' dir='ltr'>a</span> <span class='ocrx_word' id='word_1_1030' title='bbox 1903 1001 1973 1026; x_wconf 81' lang='lat' dir='ltr'>fluxu</span> <span class='ocrx_word' id='word_1_1031' title='bbox 1999 1000 2134 1032; x_wconf 83' lang='lat' dir='ltr'>sanguinis</span> <span class='ocrx_word' id='word_1_1032' title='bbox 2159 1000 2211 1026; x_wconf 92' lang='grc'>210</span> <span class='ocrx_word' id='word_1_1033' title='bbox 2236 999 2280 1025; x_wconf 89' lang='grc'>78.</span> 
     </span>
     <span class='ocr_line' id='line_1_162' title="bbox 1640 1046 1739 1071; baseline -0.01 0"><span class='ocrx_word' id='word_1_1034' title='bbox 1640 1046 1686 1071; x_wconf 90' lang='grc'>211</span> <span class='ocrx_word' id='word_1_1035' title='bbox 1711 1046 1739 1071; x_wconf 88' lang='grc'>81</span> 
     </span>
    </p>

    <p class='ocr_par' dir='ltr' id='par_1_24' title="bbox 1639 1088 2282 1342">
     <span class='ocr_line' id='line_1_163' title="bbox 1692 1088 2282 1121; baseline -0.002 -6"><span class='ocrx_word' id='word_1_1036' title='bbox 1692 1104 1726 1108; x_wconf 88' lang='grc'>--</span> <span class='ocrx_word' id='word_1_1037' title='bbox 1745 1089 1921 1121; x_wconf 87' lang='lat' dir='ltr'>apprehendit</span> <span class='ocrx_word' id='word_1_1038' title='bbox 1938 1089 2072 1115; x_wconf 84' lang='lat' dir='ltr'>infirmum</span> <span class='ocrx_word' id='word_1_1039' title='bbox 2101 1096 2149 1121; x_wconf 89' lang='lat' dir='ltr'>per</span> <span class='ocrx_word' id='word_1_1040' title='bbox 2175 1088 2282 1114; x_wconf 83' lang='lat' dir='ltr'>infusio-</span> 
     </span>
     <span class='ocr_line' id='line_1_164' title="bbox 1639 1133 2281 1166; baseline 0 -7"><span class='ocrx_word' id='word_1_1041' title='bbox 1639 1141 1700 1159; x_wconf 89' lang='lat' dir='ltr'>nem</span> <span class='ocrx_word' id='word_1_1042' title='bbox 1715 1134 1823 1165; x_wconf 84' lang='lat' dir='ltr'>gratiae,</span> <span class='ocrx_word' id='word_1_1043' title='bbox 1837 1136 1911 1159; x_wconf 88' lang='lat' dir='ltr'>sanat</span> <span class='ocrx_word' id='word_1_1044' title='bbox 1924 1140 1972 1165; x_wconf 87' lang='lat' dir='ltr'>per</span> <span class='ocrx_word' id='word_1_1045' title='bbox 1985 1133 2160 1166; x_wconf 85' lang='lat' dir='ltr'>expiationem</span> <span class='ocrx_word' id='word_1_1046' title='bbox 2179 1133 2281 1166; x_wconf 88' lang='lat' dir='ltr'>culpae,</span> 
     </span>
     <span class='ocr_line' id='line_1_165' title="bbox 1639 1178 2274 1209; baseline -0.002 -6"><span class='ocrx_word' id='word_1_1047' title='bbox 1639 1178 1745 1204; x_wconf 89' lang='lat' dir='ltr'>dimittit</span> <span class='ocrx_word' id='word_1_1048' title='bbox 1764 1185 1811 1209; x_wconf 89' lang='lat' dir='ltr'>per</span> <span class='ocrx_word' id='word_1_1049' title='bbox 1830 1178 2015 1203; x_wconf 84' lang='lat' dir='ltr'>relaxationem</span> <span class='ocrx_word' id='word_1_1050' title='bbox 2043 1184 2145 1209; x_wconf 88' lang='lat' dir='ltr'>poenae</span> <span class='ocrx_word' id='word_1_1051' title='bbox 2164 1178 2208 1203; x_wconf 91' lang='lat' dir='ltr'>Vll</span> <span class='ocrx_word' id='word_1_1052' title='bbox 2228 1178 2274 1203; x_wconf 89' lang='grc'>361</span> 
     </span>
     <span class='ocr_line' id='line_1_166' title="bbox 1641 1222 2282 1254; baseline 0 -7"><span class='ocrx_word' id='word_1_1053' title='bbox 1641 1223 1673 1248; x_wconf 91' lang='grc'>12</span> <span class='ocrx_word' id='word_1_1054' title='bbox 1692 1236 1729 1241; x_wconf 94' lang='grc'><strong>-</strong></span> <span class='ocrx_word' id='word_1_1055' title='bbox 1746 1223 1801 1248; x_wconf 83' lang='lat' dir='ltr'>sola</span> <span class='ocrx_word' id='word_1_1056' title='bbox 1820 1223 1954 1248; x_wconf 88' lang='lat' dir='ltr'>voluntate</span> <span class='ocrx_word' id='word_1_1057' title='bbox 1983 1222 2092 1248; x_wconf 91' lang='lat' dir='ltr'>mundat</span> <span class='ocrx_word' id='word_1_1058' title='bbox 2110 1223 2210 1254; x_wconf 89' lang='lat' dir='ltr'>lepram</span> <span class='ocrx_word' id='word_1_1059' title='bbox 2231 1222 2282 1247; x_wconf 81' lang='lat' dir='ltr'>cul·</span> 
     </span>
     <span class='ocr_line' id='line_1_167' title="bbox 1639 1267 2282 1299; baseline 0 -7"><span class='ocrx_word' id='word_1_1060' title='bbox 1639 1273 1690 1299; x_wconf 87' lang='lat' dir='ltr'>pae</span> <span class='ocrx_word' id='word_1_1061' title='bbox 1710 1267 1741 1292; x_wconf 93' lang='lat' dir='ltr'>Vl</span> <span class='ocrx_word' id='word_1_1062' title='bbox 1762 1267 1813 1292; x_wconf 91' lang='grc'>626</span> <span class='ocrx_word' id='word_1_1063' title='bbox 1833 1274 1859 1292; x_wconf 72' lang='lat' dir='ltr'>V.</span> <span class='ocrx_word' id='word_1_1064' title='bbox 1880 1267 1913 1292; x_wconf 84' lang='grc'>22</span> <span class='ocrx_word' id='word_1_1065' title='bbox 1933 1280 1967 1285; x_wconf 86' lang='lat'>—-</span> <span class='ocrx_word' id='word_1_1066' title='bbox 1986 1267 2088 1292; x_wconf 90' lang='lat' dir='ltr'>curavit</span> <span class='ocrx_word' id='word_1_1067' title='bbox 2107 1267 2207 1298; x_wconf 89' lang='lat' dir='ltr'>lepram</span> <span class='ocrx_word' id='word_1_1068' title='bbox 2229 1273 2282 1291; x_wconf 90' lang='lat' dir='ltr'>ma-</span> 
     </span>
     <span class='ocr_line' id='line_1_168' title="bbox 1639 1310 2221 1342; baseline 0 -6"><span class='ocrx_word' id='word_1_1069' title='bbox 1639 1311 1708 1336; x_wconf 89' lang='lat' dir='ltr'>litiae</span> <span class='ocrx_word' id='word_1_1070' title='bbox 1727 1311 1753 1336; x_wconf 93' lang='lat' dir='ltr'>in</span> <span class='ocrx_word' id='word_1_1071' title='bbox 1772 1310 1895 1342; x_wconf 84' lang='lat' dir='ltr'>gentibus</span> <span class='ocrx_word' id='word_1_1072' title='bbox 1914 1311 1957 1336; x_wconf 92' lang='lat' dir='ltr'>Vll</span> <span class='ocrx_word' id='word_1_1073' title='bbox 1978 1311 2028 1336; x_wconf 82' lang='grc'>102</span> <span class='ocrx_word' id='word_1_1074' title='bbox 2049 1311 2092 1336; x_wconf 88' lang='grc'>55.</span> <span class='ocrx_word' id='word_1_1075' title='bbox 2114 1311 2164 1336; x_wconf 85' lang='grc'>103</span> <span class='ocrx_word' id='word_1_1076' title='bbox 2185 1311 2221 1337; x_wconf 83' lang='grc'>56</span> 
     </span>
    </p>

    <p class='ocr_par' dir='ltr' id='par_1_25' title="bbox 1639 1355 2285 1968">
     <span class='ocr_line' id='line_1_169' title="bbox 1693 1355 2280 1387; baseline 0 -7"><span class='ocrx_word' id='word_1_1077' title='bbox 1693 1369 1729 1374; x_wconf 95' lang='grc'>-</span> <span class='ocrx_word' id='word_1_1078' title='bbox 1748 1356 1850 1381; x_wconf 85' lang='lat' dir='ltr'>curavit</span> <span class='ocrx_word' id='word_1_1079' title='bbox 1870 1355 1950 1381; x_wconf 83' lang='lat' dir='ltr'>fllium</span> <span class='ocrx_word' id='word_1_1080' title='bbox 1965 1356 2049 1387; x_wconf 87' lang='lat' dir='ltr'>reguli</span> <span class='ocrx_word' id='word_1_1081' title='bbox 2063 1359 2088 1381; x_wconf 90' lang='lat' dir='ltr'>et</span> <span class='ocrx_word' id='word_1_1082' title='bbox 2101 1362 2209 1383; x_wconf 87' lang='lat' dir='ltr'>servum</span> <span class='ocrx_word' id='word_1_1083' title='bbox 2223 1362 2280 1381; x_wconf 88' lang='lat' dir='ltr'>cen-</span> 
     </span>
     <span class='ocr_line' id='line_1_170' title="bbox 1641 1399 2282 1425; baseline 0 0"><span class='ocrx_word' id='word_1_1084' title='bbox 1641 1400 1749 1425; x_wconf 90' lang='lat' dir='ltr'>turionis</span> <span class='ocrx_word' id='word_1_1085' title='bbox 1769 1400 1801 1425; x_wconf 95' lang='lat' dir='ltr'>Vl</span> <span class='ocrx_word' id='word_1_1086' title='bbox 1822 1400 1874 1425; x_wconf 78' lang='grc'>559</span> <span class='ocrx_word' id='word_1_1087' title='bbox 1894 1407 1920 1425; x_wconf 93' lang='lat' dir='ltr'>v.</span> <span class='ocrx_word' id='word_1_1088' title='bbox 1942 1400 1974 1425; x_wconf 88' lang='grc'>49</span> <span class='ocrx_word' id='word_1_1089' title='bbox 1996 1401 2011 1425; x_wconf 89' lang='grc'>2</span> <span class='ocrx_word' id='word_1_1090' title='bbox 2030 1415 2064 1418; x_wconf 85' lang='grc'><strong>-</strong></span> <span class='ocrx_word' id='word_1_1091' title='bbox 2084 1407 2112 1425; x_wconf 83' lang='grc'>56</span> <span class='ocrx_word' id='word_1_1092' title='bbox 2131 1399 2225 1425; x_wconf 85' lang='grc'>01110111</span> <span class='ocrx_word' id='word_1_1093' title='bbox 2245 1399 2282 1425; x_wconf 89' lang='grc'>116</span> 
     </span>
     <span class='ocr_line' id='line_1_171' title="bbox 1640 1443 2283 1470; baseline 0 0"><span class='ocrx_word' id='word_1_1094' title='bbox 1640 1444 1673 1470; x_wconf 86' lang='grc'>311</span> <span class='ocrx_word' id='word_1_1095' title='bbox 1693 1444 1852 1470; x_wconf 88' lang='lat' dir='ltr'>centurionis</span> <span class='ocrx_word' id='word_1_1096' title='bbox 1871 1448 1987 1470; x_wconf 74' lang='lat' dir='ltr'>servum&#39;</span> <span class='ocrx_word' id='word_1_1097' title='bbox 1998 1447 2024 1469; x_wconf 93' lang='lat' dir='ltr'>et</span> <span class='ocrx_word' id='word_1_1098' title='bbox 2042 1444 2174 1470; x_wconf 83' lang='lat' dir='ltr'>recusavit</span> <span class='ocrx_word' id='word_1_1099' title='bbox 2193 1443 2230 1469; x_wconf 91' lang='lat' dir='ltr'>ire</span> <span class='ocrx_word' id='word_1_1100' title='bbox 2248 1444 2283 1470; x_wconf 89' lang='lat' dir='ltr'>ad</span> 
     </span>
     <span class='ocr_line' id='line_1_172' title="bbox 1641 1488 2285 1521; baseline 0 -7"><span class='ocrx_word' id='word_1_1101' title='bbox 1641 1489 1727 1521; x_wconf 80' lang='lat' dir='ltr'>reguli</span> <span class='ocrx_word' id='word_1_1102' title='bbox 1747 1489 1828 1514; x_wconf 86' lang='lat' dir='ltr'>filium</span> <span class='ocrx_word' id='word_1_1103' title='bbox 1847 1489 1880 1514; x_wconf 91' lang='lat' dir='ltr'>ad</span> <span class='ocrx_word' id='word_1_1104' title='bbox 1901 1488 2109 1514; x_wconf 86' lang='lat' dir='ltr'>aedificationem</span> <span class='ocrx_word' id='word_1_1105' title='bbox 2130 1488 2190 1514; x_wconf 83' lang='lat' dir='ltr'>ndei</span> <span class='ocrx_word' id='word_1_1106' title='bbox 2210 1491 2285 1514; x_wconf 87' lang='lat' dir='ltr'>etex-</span> 
     </span>
     <span class='ocr_line' id='line_1_173' title="bbox 1640 1533 2283 1566; baseline 0 -8"><span class='ocrx_word' id='word_1_1107' title='bbox 1640 1533 1757 1565; x_wconf 88' lang='lat' dir='ltr'>emplum</span> <span class='ocrx_word' id='word_1_1108' title='bbox 1778 1533 1930 1559; x_wconf 87' lang='lat' dir='ltr'>humilitatis</span> <span class='ocrx_word' id='word_1_1109' title='bbox 1943 1533 1993 1558; x_wconf 88' lang='lat'>303</span> <span class='ocrx_word' id='word_1_1110' title='bbox 2009 1533 2042 1558; x_wconf 88' lang='lat'>86</span> <span class='ocrx_word' id='word_1_1111' title='bbox 2063 1533 2118 1566; x_wconf 87' lang='lat'>(85)</span> <span class='ocrx_word' id='word_1_1112' title='bbox 2133 1547 2169 1552; x_wconf 97' lang='lat'><strong>—</strong></span> <span class='ocrx_word' id='word_1_1113' title='bbox 2182 1533 2214 1558; x_wconf 85' lang='lat' dir='ltr'>ad</span> <span class='ocrx_word' id='word_1_1114' title='bbox 2229 1539 2283 1558; x_wconf 88' lang='lat' dir='ltr'>ser-</span> 
     </span>
     <span class='ocr_line' id='line_1_174' title="bbox 1641 1577 2282 1611; baseline 0 -8"><span class='ocrx_word' id='word_1_1115' title='bbox 1641 1585 1704 1603; x_wconf 86' lang='lat' dir='ltr'>vum</span> <span class='ocrx_word' id='word_1_1116' title='bbox 1724 1578 1885 1604; x_wconf 85' lang='lat' dir='ltr'>centurionis</span> <span class='ocrx_word' id='word_1_1117' title='bbox 1904 1578 1996 1604; x_wconf 88' lang='lat' dir='ltr'>maluit</span> <span class='ocrx_word' id='word_1_1118' title='bbox 2008 1577 2045 1603; x_wconf 92' lang='lat' dir='ltr'>ire</span> <span class='ocrx_word' id='word_1_1119' title='bbox 2058 1585 2138 1611; x_wconf 90' lang='lat' dir='ltr'>quam</span> <span class='ocrx_word' id='word_1_1120' title='bbox 2153 1578 2186 1603; x_wconf 87' lang='lat' dir='ltr'>ad</span> <span class='ocrx_word' id='word_1_1121' title='bbox 2200 1577 2282 1603; x_wconf 90' lang='lat' dir='ltr'>filium</span> 
     </span>
     <span class='ocr_line' id='line_1_175' title="bbox 1639 1622 2282 1655; baseline -0.002 -7"><span class='ocrx_word' id='word_1_1122' title='bbox 1639 1623 1732 1655; x_wconf 72' lang='lat' dir='ltr'>reguli,</span> <span class='ocrx_word' id='word_1_1123' title='bbox 1752 1623 1966 1649; x_wconf 88' lang='lat' dir='ltr'>condescendens</span> <span class='ocrx_word' id='word_1_1124' title='bbox 1985 1623 2042 1649; x_wconf 88' lang='lat' dir='ltr'>eius</span> <span class='ocrx_word' id='word_1_1125' title='bbox 2062 1623 2123 1649; x_wconf 80' lang='lat' dir='ltr'>fidei</span> <span class='ocrx_word' id='word_1_1126' title='bbox 2142 1626 2168 1648; x_wconf 93' lang='lat' dir='ltr'>et</span> <span class='ocrx_word' id='word_1_1127' title='bbox 2181 1622 2282 1648; x_wconf 92' lang='lat' dir='ltr'>humili-</span> 
     </span>
     <span class='ocr_line' id='line_1_176' title="bbox 1641 1667 2285 1700; baseline 0 -7"><span class='ocrx_word' id='word_1_1128' title='bbox 1641 1668 1685 1693; x_wconf 91' lang='lat' dir='ltr'>tati</span> <span class='ocrx_word' id='word_1_1129' title='bbox 1707 1668 1748 1693; x_wconf 90' lang='lat' dir='ltr'>Vll</span> <span class='ocrx_word' id='word_1_1130' title='bbox 1769 1668 1819 1693; x_wconf 91' lang='grc'>167</span> <span class='ocrx_word' id='word_1_1131' title='bbox 1839 1668 1853 1693; x_wconf 90' lang='grc'>8</span> <span class='ocrx_word' id='word_1_1132' title='bbox 1873 1681 1909 1687; x_wconf 90' lang='grc'>-</span> <span class='ocrx_word' id='word_1_1133' title='bbox 1927 1668 1967 1694; x_wconf 88' lang='lat' dir='ltr'>Ad</span> <span class='ocrx_word' id='word_1_1134' title='bbox 1987 1668 2069 1694; x_wconf 89' lang='lat' dir='ltr'>filium</span> <span class='ocrx_word' id='word_1_1135' title='bbox 2097 1668 2181 1700; x_wconf 80' lang='lat' dir='ltr'>reguli</span> <span class='ocrx_word' id='word_1_1136' title='bbox 2201 1667 2285 1693; x_wconf 81' lang='lat' dir='ltr'>noluit</span> 
     </span>
     <span class='ocr_line' id='line_1_177' title="bbox 1640 1711 2282 1744; baseline 0 -6"><span class='ocrx_word' id='word_1_1137' title='bbox 1640 1712 1686 1744; x_wconf 81' lang='lat' dir='ltr'>ire,</span> <span class='ocrx_word' id='word_1_1138' title='bbox 1700 1719 1734 1738; x_wconf 88' lang='lat' dir='ltr'>ne</span> <span class='ocrx_word' id='word_1_1139' title='bbox 1747 1713 1842 1739; x_wconf 79' lang='lat' dir='ltr'>d1vites</span> <span class='ocrx_word' id='word_1_1140' title='bbox 1861 1714 2005 1739; x_wconf 87' lang='lat' dir='ltr'>honorasse</span> <span class='ocrx_word' id='word_1_1141' title='bbox 2024 1713 2158 1739; x_wconf 86' lang='lat' dir='ltr'>videretur</span> <span class='ocrx_word' id='word_1_1142' title='bbox 2171 1711 2233 1739; x_wconf 80' lang='lat' dir='ltr'>ibid.</span> <span class='ocrx_word' id='word_1_1143' title='bbox 2248 1726 2282 1731; x_wconf 89' lang='lat'>-</span> 
     </span>
     <span class='ocr_line' id='line_1_178' title="bbox 1640 1757 2281 1783; baseline -0.002 0"><span class='ocrx_word' id='word_1_1144' title='bbox 1640 1757 1681 1783; x_wconf 86' lang='lat' dir='ltr'>Ad</span> <span class='ocrx_word' id='word_1_1145' title='bbox 1700 1764 1807 1783; x_wconf 87' lang='lat' dir='ltr'>servum</span> <span class='ocrx_word' id='word_1_1146' title='bbox 1827 1757 1987 1783; x_wconf 77' lang='lat' dir='ltr'>centurionis</span> <span class='ocrx_word' id='word_1_1147' title='bbox 2006 1757 2078 1783; x_wconf 88' lang='lat' dir='ltr'>vadit</span> <span class='ocrx_word' id='word_1_1148' title='bbox 2097 1757 2129 1783; x_wconf 87' lang='lat' dir='ltr'>ad</span> <span class='ocrx_word' id='word_1_1149' title='bbox 2145 1763 2281 1783; x_wconf 86' lang='lat' dir='ltr'>commen-</span> 
     </span>
     <span class='ocr_line' id='line_1_179' title="bbox 1641 1801 2283 1839; baseline 0 -12"><span class='ocrx_word' id='word_1_1150' title='bbox 1641 1802 1755 1828; x_wconf 88' lang='lat' dir='ltr'>dandam</span> <span class='ocrx_word' id='word_1_1151' title='bbox 1776 1802 1957 1839; x_wconf 81' lang='lat' dir='ltr'>humilitatem,</span> <span class='ocrx_word' id='word_1_1152' title='bbox 1977 1803 2019 1827; x_wconf 94' lang='lat' dir='ltr'>vel</span> <span class='ocrx_word' id='word_1_1153' title='bbox 2038 1802 2073 1827; x_wconf 90' lang='lat' dir='ltr'>ad</span> <span class='ocrx_word' id='word_1_1154' title='bbox 2092 1801 2283 1828; x_wconf 87' lang='lat' dir='ltr'>excludendam</span> 
     </span>
     <span class='ocr_line' id='line_1_180' title="bbox 1641 1846 2285 1879; baseline -0.002 -7"><span class='ocrx_word' id='word_1_1155' title='bbox 1641 1854 1813 1879; x_wconf 85' lang='lat' dir='ltr'>personarum</span> <span class='ocrx_word' id='word_1_1156' title='bbox 1833 1847 2040 1879; x_wconf 87' lang='lat' dir='ltr'>acceptationem</span> <span class='ocrx_word' id='word_1_1157' title='bbox 2066 1846 2128 1873; x_wconf 87' lang='lat' dir='ltr'>ibid.</span> <span class='ocrx_word' id='word_1_1158' title='bbox 2147 1860 2183 1865; x_wconf 98' lang='lat'><strong>—</strong></span> <span class='ocrx_word' id='word_1_1159' title='bbox 2201 1846 2285 1872; x_wconf 87' lang='lat' dir='ltr'>noluit</span> 
     </span>
     <span class='ocr_line' id='line_1_181' title="bbox 1642 1890 2282 1923; baseline -0.002 -6"><span class='ocrx_word' id='word_1_1160' title='bbox 1642 1892 1678 1917; x_wconf 88' lang='lat' dir='ltr'>ire</span> <span class='ocrx_word' id='word_1_1161' title='bbox 1698 1892 1722 1917; x_wconf 86' lang='lat' dir='ltr'>iu</span> <span class='ocrx_word' id='word_1_1162' title='bbox 1749 1891 1859 1917; x_wconf 92' lang='lat' dir='ltr'>domum</span> <span class='ocrx_word' id='word_1_1163' title='bbox 1885 1892 1971 1923; x_wconf 86' lang='lat' dir='ltr'>reguli</span> <span class='ocrx_word' id='word_1_1164' title='bbox 1991 1898 2042 1916; x_wconf 88' lang='lat' dir='ltr'>non</span> <span class='ocrx_word' id='word_1_1165' title='bbox 2062 1891 2205 1921; x_wconf 83' lang='lat' dir='ltr'>credentis,</span> <span class='ocrx_word' id='word_1_1166' title='bbox 2234 1890 2282 1916; x_wconf 86' lang='lat' dir='ltr'>sed</span> 
     </span>
     <span class='ocr_line' id='line_1_182' title="bbox 1641 1935 2210 1968; baseline -0.002 -7"><span class='ocrx_word' id='word_1_1167' title='bbox 1641 1936 1688 1961; x_wconf 92' lang='lat' dir='ltr'>ivit</span> <span class='ocrx_word' id='word_1_1168' title='bbox 1708 1936 1733 1961; x_wconf 95' lang='lat' dir='ltr'>in</span> <span class='ocrx_word' id='word_1_1169' title='bbox 1753 1936 1862 1962; x_wconf 86' lang='lat' dir='ltr'>domum</span> <span class='ocrx_word' id='word_1_1170' title='bbox 1882 1935 2085 1968; x_wconf 84' lang='lat' dir='ltr'>archisynagogi</span> <span class='ocrx_word' id='word_1_1171' title='bbox 2106 1936 2157 1961; x_wconf 89' lang='grc'>210</span> <span class='ocrx_word' id='word_1_1172' title='bbox 2176 1935 2210 1961; x_wconf 92' lang='grc'>76</span> 
     </span>
    </p>

    <p class='ocr_par' dir='ltr' id='par_1_26' title="bbox 1641 1980 2285 2636">
     <span class='ocr_line' id='line_1_183' title="bbox 1693 1980 2284 2013; baseline -0.003 -6"><span class='ocrx_word' id='word_1_1173' title='bbox 1693 1995 1730 2001; x_wconf 92' lang='grc'>-</span> <span class='ocrx_word' id='word_1_1174' title='bbox 1749 1981 1900 2013; x_wconf 88' lang='lat' dir='ltr'>Magnitudo</span> <span class='ocrx_word' id='word_1_1175' title='bbox 1919 1981 2052 2013; x_wconf 83' lang='lat' dir='ltr'>potentiae</span> <span class='ocrx_word' id='word_1_1176' title='bbox 2076 1980 2169 2006; x_wconf 87' lang='lat' dir='ltr'>Christi</span> <span class='ocrx_word' id='word_1_1177' title='bbox 2198 1983 2284 2006; x_wconf 88' lang='lat' dir='ltr'>osten-</span> 
     </span>
     <span class='ocr_line' id='line_1_184' title="bbox 1642 2024 2282 2058; baseline -0.003 -7"><span class='ocrx_word' id='word_1_1178' title='bbox 1642 2026 1712 2051; x_wconf 90' lang='lat' dir='ltr'>ditur</span> <span class='ocrx_word' id='word_1_1179' title='bbox 1731 2033 1778 2058; x_wconf 87' lang='lat' dir='ltr'>per</span> <span class='ocrx_word' id='word_1_1180' title='bbox 1791 2024 1990 2052; x_wconf 69' lang='lat' dir='ltr'>suscitationem</span> <span class='ocrx_word' id='word_1_1181' title='bbox 2005 2028 2169 2051; x_wconf 84' lang='lat' dir='ltr'>mortuorum</span> <span class='ocrx_word' id='word_1_1182' title='bbox 2184 2025 2217 2050; x_wconf 90' lang='lat' dir='ltr'>Vl</span> <span class='ocrx_word' id='word_1_1183' title='bbox 2231 2024 2282 2050; x_wconf 88' lang='grc'>309</span> 
     </span>
     <span class='ocr_line' id='line_1_185' title="bbox 1642 2069 2283 2103; baseline -0.003 -7"><span class='ocrx_word' id='word_1_1184' title='bbox 1642 2071 1676 2096; x_wconf 87' lang='grc'>39</span> <span class='ocrx_word' id='word_1_1185' title='bbox 1694 2084 1730 2090; x_wconf 89' lang='lat'><em>—</em></span> <span class='ocrx_word' id='word_1_1186' title='bbox 1751 2074 1835 2103; x_wconf 90' lang='lat' dir='ltr'>potest</span> <span class='ocrx_word' id='word_1_1187' title='bbox 1853 2078 1934 2103; x_wconf 89' lang='lat' dir='ltr'>super</span> <span class='ocrx_word' id='word_1_1188' title='bbox 1963 2070 2040 2096; x_wconf 85' lang='lat' dir='ltr'>vivos</span> <span class='ocrx_word' id='word_1_1189' title='bbox 2059 2073 2084 2096; x_wconf 84' lang='lat' dir='ltr'>et</span> <span class='ocrx_word' id='word_1_1190' title='bbox 2103 2073 2221 2095; x_wconf 89' lang='lat' dir='ltr'>mortuos</span> <span class='ocrx_word' id='word_1_1191' title='bbox 2240 2069 2283 2094; x_wconf 92' lang='lat' dir='ltr'>Vll</span> 
     </span>
     <span class='ocr_line' id='line_1_186' title="bbox 1642 2114 2283 2147; baseline -0.002 -7"><span class='ocrx_word' id='word_1_1192' title='bbox 1642 2116 1693 2141; x_wconf 91' lang='grc'>210</span> <span class='ocrx_word' id='word_1_1193' title='bbox 1712 2115 1747 2141; x_wconf 92' lang='grc'>76</span> <span class='ocrx_word' id='word_1_1194' title='bbox 1765 2128 1802 2134; x_wconf 90' lang='grc'>-</span> <span class='ocrx_word' id='word_1_1195' title='bbox 1821 2114 1900 2140; x_wconf 91' lang='lat' dir='ltr'>habet</span> <span class='ocrx_word' id='word_1_1196' title='bbox 1929 2118 2085 2147; x_wconf 83' lang='lat' dir='ltr'>potestatem</span> <span class='ocrx_word' id='word_1_1197' title='bbox 2105 2117 2223 2140; x_wconf 91' lang='lat' dir='ltr'>mortuos</span> <span class='ocrx_word' id='word_1_1198' title='bbox 2242 2120 2283 2139; x_wconf 88' lang='lat' dir='ltr'>su-</span> 
     </span>
     <span class='ocr_line' id='line_1_187' title="bbox 1641 2159 2283 2186; baseline -0.003 -1"><span class='ocrx_word' id='word_1_1199' title='bbox 1641 2160 1752 2186; x_wconf 84' lang='lat' dir='ltr'>scitandi</span> <span class='ocrx_word' id='word_1_1200' title='bbox 1781 2160 1832 2185; x_wconf 87' lang='grc'>213</span> <span class='ocrx_word' id='word_1_1201' title='bbox 1858 2160 1892 2185; x_wconf 85' lang='grc'>88</span> <span class='ocrx_word' id='word_1_1202' title='bbox 1919 2173 1956 2179; x_wconf 91' lang='lat'>--</span> <span class='ocrx_word' id='word_1_1203' title='bbox 1980 2159 2089 2185; x_wconf 87' lang='lat' dir='ltr'>suscitat</span> <span class='ocrx_word' id='word_1_1204' title='bbox 2117 2161 2235 2184; x_wconf 88' lang='lat' dir='ltr'>mortuos</span> <span class='ocrx_word' id='word_1_1205' title='bbox 2255 2161 2283 2183; x_wconf 92' lang='lat' dir='ltr'>ut</span> 
     </span>
     <span class='ocr_line' id='line_1_188' title="bbox 1641 2203 2285 2230; baseline -0.005 0"><span class='ocrx_word' id='word_1_1206' title='bbox 1641 2204 1717 2230; x_wconf 88' lang='lat' dir='ltr'>dator</span> <span class='ocrx_word' id='word_1_1207' title='bbox 1736 2205 1806 2230; x_wconf 89' lang='lat' dir='ltr'>vitae</span> <span class='ocrx_word' id='word_1_1208' title='bbox 1824 2207 1850 2230; x_wconf 91' lang='lat' dir='ltr'>et</span> <span class='ocrx_word' id='word_1_1209' title='bbox 1877 2204 1966 2230; x_wconf 88' lang='lat' dir='ltr'>salutis</span> <span class='ocrx_word' id='word_1_1210' title='bbox 1995 2204 2043 2229; x_wconf 90' lang='grc'>172</span> <span class='ocrx_word' id='word_1_1211' title='bbox 2063 2204 2097 2229; x_wconf 85' lang='grc'>28</span> <span class='ocrx_word' id='word_1_1212' title='bbox 2116 2216 2152 2222; x_wconf 90' lang='grc'>-</span> <span class='ocrx_word' id='word_1_1213' title='bbox 2176 2203 2285 2228; x_wconf 86' lang='lat' dir='ltr'>faciliter</span> 
     </span>
     <span class='ocr_line' id='line_1_189' title="bbox 1642 2247 2283 2275; baseline -0.005 0"><span class='ocrx_word' id='word_1_1214' title='bbox 1642 2249 1734 2275; x_wconf 88' lang='lat' dir='ltr'>excitat</span> <span class='ocrx_word' id='word_1_1215' title='bbox 1753 2252 1887 2275; x_wconf 90' lang='lat' dir='ltr'>mortuum</span> <span class='ocrx_word' id='word_1_1216' title='bbox 1907 2249 1974 2275; x_wconf 85' lang='lat' dir='ltr'>sicut</span> <span class='ocrx_word' id='word_1_1217' title='bbox 2002 2249 2082 2274; x_wconf 90' lang='lat' dir='ltr'>homo</span> <span class='ocrx_word' id='word_1_1218' title='bbox 2107 2247 2283 2274; x_wconf 87' lang='lat' dir='ltr'>dormientem</span> 
     </span>
     <span class='ocr_line' id='line_1_190' title="bbox 1644 2293 2285 2326; baseline -0.005 -7"><span class='ocrx_word' id='word_1_1219' title='bbox 1644 2294 1674 2319; x_wconf 89' lang='lat' dir='ltr'>vt</span> <span class='ocrx_word' id='word_1_1220' title='bbox 1695 2294 1745 2319; x_wconf 89' lang='grc'>398</span> <span class='ocrx_word' id='word_1_1221' title='bbox 1766 2294 1794 2319; x_wconf 91' lang='grc'>21</span> <span class='ocrx_word' id='word_1_1222' title='bbox 1818 2307 1856 2313; x_wconf 87' lang='grc'><strong>-</strong></span> <span class='ocrx_word' id='word_1_1223' title='bbox 1873 2297 1960 2326; x_wconf 82' lang='grc'>1101651</span> <span class='ocrx_word' id='word_1_1224' title='bbox 1979 2293 2013 2319; x_wconf 87' lang='lat' dir='ltr'>ita</span> <span class='ocrx_word' id='word_1_1225' title='bbox 2039 2293 2146 2318; x_wconf 88' lang='lat' dir='ltr'>faciliter</span> <span class='ocrx_word' id='word_1_1226' title='bbox 2166 2294 2285 2317; x_wconf 85' lang='lat' dir='ltr'>mortuos</span> 
     </span>
     <span class='ocr_line' id='line_1_191' title="bbox 1641 2336 2283 2364; baseline -0.006 0"><span class='ocrx_word' id='word_1_1227' title='bbox 1641 2338 1767 2364; x_wconf 87' lang='lat' dir='ltr'>suscitare</span> <span class='ocrx_word' id='word_1_1228' title='bbox 1786 2338 1852 2364; x_wconf 86' lang='lat' dir='ltr'>sicut</span> <span class='ocrx_word' id='word_1_1229' title='bbox 1877 2338 2038 2363; x_wconf 89' lang='lat' dir='ltr'>dormientes</span> <span class='ocrx_word' id='word_1_1230' title='bbox 2058 2337 2100 2362; x_wconf 88' lang='lat' dir='ltr'>Vll</span> <span class='ocrx_word' id='word_1_1231' title='bbox 2122 2337 2175 2362; x_wconf 86' lang='grc'>215</span> <span class='ocrx_word' id='word_1_1232' title='bbox 2195 2336 2228 2361; x_wconf 89' lang='grc'>92</span> <span class='ocrx_word' id='word_1_1233' title='bbox 2249 2349 2283 2353; x_wconf 88' lang='grc'>-</span> 
     </span>
     <span class='ocr_line' id='line_1_192' title="bbox 1642 2380 2285 2415; baseline -0.008 -6"><span class='ocrx_word' id='word_1_1234' title='bbox 1642 2384 1698 2409; x_wconf 90' lang='lat' dir='ltr'>Vox</span> <span class='ocrx_word' id='word_1_1235' title='bbox 1712 2383 1806 2410; x_wconf 89' lang='lat' dir='ltr'>Christi</span> <span class='ocrx_word' id='word_1_1236' title='bbox 1817 2386 1902 2415; x_wconf 90' lang='lat' dir='ltr'>potest</span> <span class='ocrx_word' id='word_1_1237' title='bbox 1912 2385 2032 2408; x_wconf 90' lang='lat' dir='ltr'>mortuos</span> <span class='ocrx_word' id='word_1_1238' title='bbox 2045 2381 2171 2407; x_wconf 86' lang='lat' dir='ltr'>suscitare</span> <span class='ocrx_word' id='word_1_1239' title='bbox 2184 2380 2285 2405; x_wconf 88' lang='lat' dir='ltr'>ratione</span> 
     </span>
     <span class='ocr_line' id='line_1_193' title="bbox 1641 2426 2284 2453; baseline -0.008 0"><span class='ocrx_word' id='word_1_1240' title='bbox 1641 2435 1705 2453; x_wconf 89' lang='lat' dir='ltr'>suae</span> <span class='ocrx_word' id='word_1_1241' title='bbox 1723 2428 1827 2453; x_wconf 89' lang='lat' dir='ltr'>virtutis</span> <span class='ocrx_word' id='word_1_1242' title='bbox 1854 2427 1899 2452; x_wconf 91' lang='grc'>171</span> <span class='ocrx_word' id='word_1_1243' title='bbox 1931 2426 1965 2452; x_wconf 81' lang='grc'>25</span> <span class='ocrx_word' id='word_1_1244' title='bbox 1993 2439 2029 2445; x_wconf 88' lang='lat'>—-</span> <span class='ocrx_word' id='word_1_1245' title='bbox 2048 2431 2146 2451; x_wconf 90' lang='lat' dir='ltr'>vocans</span> <span class='ocrx_word' id='word_1_1246' title='bbox 2166 2427 2284 2449; x_wconf 84' lang='lat' dir='ltr'>mortuos</span> 
     </span>
     <span class='ocr_line' id='line_1_194' title="bbox 1641 2468 2282 2500; baseline -0.009 -2"><span class='ocrx_word' id='word_1_1247' title='bbox 1641 2480 1692 2498; x_wconf 91' lang='lat' dir='ltr'>non</span> <span class='ocrx_word' id='word_1_1248' title='bbox 1712 2473 1798 2498; x_wconf 88' lang='lat' dir='ltr'>solum</span> <span class='ocrx_word' id='word_1_1249' title='bbox 1827 2471 1940 2497; x_wconf 88' lang='lat' dir='ltr'>exterius</span> <span class='ocrx_word' id='word_1_1250' title='bbox 1967 2470 2074 2500; x_wconf 87' lang='lat' dir='ltr'>excitat,</span> <span class='ocrx_word' id='word_1_1251' title='bbox 2092 2469 2139 2494; x_wconf 88' lang='lat' dir='ltr'>scd</span> <span class='ocrx_word' id='word_1_1252' title='bbox 2163 2468 2282 2494; x_wconf 91' lang='lat' dir='ltr'>auditum</span> 
     </span>
     <span class='ocr_line' id='line_1_195' title="bbox 1641 2512 2284 2548; baseline -0.008 -6"><span class='ocrx_word' id='word_1_1253' title='bbox 1641 2520 1746 2548; x_wconf 90' lang='lat' dir='ltr'>reparat</span> <span class='ocrx_word' id='word_1_1254' title='bbox 1764 2516 1872 2541; x_wconf 88' lang='lat' dir='ltr'>interius</span> <span class='ocrx_word' id='word_1_1255' title='bbox 1890 2514 2025 2546; x_wconf 86' lang='lat' dir='ltr'>operando</span> <span class='ocrx_word' id='word_1_1256' title='bbox 2044 2512 2105 2539; x_wconf 79' lang='lat' dir='ltr'>ibid.</span> <span class='ocrx_word' id='word_1_1257' title='bbox 2124 2526 2160 2532; x_wconf 92' lang='lat'>—-</span> <span class='ocrx_word' id='word_1_1258' title='bbox 2179 2519 2230 2538; x_wconf 90' lang='lat' dir='ltr'>non</span> <span class='ocrx_word' id='word_1_1259' title='bbox 2244 2518 2284 2537; x_wconf 91' lang='lat' dir='ltr'>so-</span> 
     </span>
     <span class='ocr_line' id='line_1_196' title="bbox 1642 2556 2281 2592; baseline -0.008 -6"><span class='ocrx_word' id='word_1_1260' title='bbox 1642 2562 1695 2586; x_wconf 88' lang='lat' dir='ltr'>lum</span> <span class='ocrx_word' id='word_1_1261' title='bbox 1716 2563 1802 2592; x_wconf 89' lang='lat' dir='ltr'>potest</span> <span class='ocrx_word' id='word_1_1262' title='bbox 1821 2560 1961 2591; x_wconf 89' lang='lat' dir='ltr'>impetrare</span> <span class='ocrx_word' id='word_1_1263' title='bbox 1981 2557 2216 2588; x_wconf 85' lang='lat' dir='ltr'>resuscitationem,</span> <span class='ocrx_word' id='word_1_1264' title='bbox 2235 2556 2281 2582; x_wconf 89' lang='lat' dir='ltr'>sed</span> 
     </span>
     <span class='ocr_line' id='line_1_197' title="bbox 1642 2602 2113 2636; baseline -0.004 -6"><span class='ocrx_word' id='word_1_1265' title='bbox 1642 2605 1699 2636; x_wconf 88' lang='lat' dir='ltr'>ipse</span> <span class='ocrx_word' id='word_1_1266' title='bbox 1718 2603 1874 2629; x_wconf 87' lang='lat' dir='ltr'>resuscitare</span> <span class='ocrx_word' id='word_1_1267' title='bbox 1893 2603 1924 2628; x_wconf 90' lang='lat' dir='ltr'>Vl</span> <span class='ocrx_word' id='word_1_1268' title='bbox 1948 2603 1992 2628; x_wconf 88' lang='grc'>401</span> <span class='ocrx_word' id='word_1_1269' title='bbox 2017 2602 2060 2635; x_wconf 81' lang='grc'>34,</span> <span class='ocrx_word' id='word_1_1270' title='bbox 2079 2602 2113 2628; x_wconf 83' lang='grc'>35</span> 
     </span>
    </p>

    <p class='ocr_par' dir='ltr' id='par_1_27' title="bbox 1641 2645 2284 3081">
     <span class='ocr_line' id='line_1_198' title="bbox 1693 2645 2284 2678; baseline -0.002 -6"><span class='ocrx_word' id='word_1_1271' title='bbox 1693 2660 1730 2667; x_wconf 91' lang='lat'>—-</span> <span class='ocrx_word' id='word_1_1272' title='bbox 1758 2648 1783 2673; x_wconf 95' lang='lat' dir='ltr'>in</span> <span class='ocrx_word' id='word_1_1273' title='bbox 1814 2647 1982 2673; x_wconf 84' lang='lat' dir='ltr'>suscitatione</span> <span class='ocrx_word' id='word_1_1274' title='bbox 2010 2647 2106 2672; x_wconf 90' lang='lat' dir='ltr'>mortui</span> <span class='ocrx_word' id='word_1_1275' title='bbox 2134 2645 2284 2678; x_wconf 86' lang='lat' dir='ltr'>expressius</span> 
     </span>
     <span class='ocr_line' id='line_1_199' title="bbox 1641 2691 2282 2717; baseline -0.003 0"><span class='ocrx_word' id='word_1_1276' title='bbox 1641 2692 1790 2717; x_wconf 88' lang='lat' dir='ltr'>manifestat</span> <span class='ocrx_word' id='word_1_1277' title='bbox 1816 2698 1891 2717; x_wconf 88' lang='lat' dir='ltr'>suam</span> <span class='ocrx_word' id='word_1_1278' title='bbox 1917 2691 2093 2717; x_wconf 82' lang='lat' dir='ltr'>excellentiam</span> <span class='ocrx_word' id='word_1_1279' title='bbox 2115 2692 2156 2717; x_wconf 92' lang='lat' dir='ltr'>Vll</span> <span class='ocrx_word' id='word_1_1280' title='bbox 2178 2691 2228 2716; x_wconf 91' lang='grc'>170</span> <span class='ocrx_word' id='word_1_1281' title='bbox 2249 2691 2282 2715; x_wconf 91' lang='grc'>20</span> 
     </span>
     <span class='ocr_line' id='line_1_200' title="bbox 1641 2736 2282 2762; baseline -0.002 -2"><span class='ocrx_word' id='word_1_1282' title='bbox 1641 2750 1676 2754; x_wconf 82' lang='lat'><em>-</em></span> <span class='ocrx_word' id='word_1_1283' title='bbox 1702 2738 1823 2761; x_wconf 84' lang='lat' dir='ltr'>movetur</span> <span class='ocrx_word' id='word_1_1284' title='bbox 1850 2736 1883 2761; x_wconf 92' lang='lat' dir='ltr'>ad</span> <span class='ocrx_word' id='word_1_1285' title='bbox 1909 2736 2118 2762; x_wconf 87' lang='lat' dir='ltr'>resuscitandum</span> <span class='ocrx_word' id='word_1_1286' title='bbox 2147 2738 2282 2761; x_wconf 88' lang='lat' dir='ltr'>mortuum</span> 
     </span>
     <span class='ocr_line' id='line_1_201' title="bbox 1642 2778 2280 2813; baseline -0.003 -8"><span class='ocrx_word' id='word_1_1287' title='bbox 1642 2780 1734 2805; x_wconf 78' lang='lat' dir='ltr'>affectu</span> <span class='ocrx_word' id='word_1_1288' title='bbox 1755 2780 1857 2812; x_wconf 81' lang='lat' dir='ltr'>pietatis</span> <span class='ocrx_word' id='word_1_1289' title='bbox 1877 2780 1902 2805; x_wconf 91' lang='grc'>111</span> <span class='ocrx_word' id='word_1_1290' title='bbox 1921 2781 2009 2813; x_wconf 81' lang='lat' dir='ltr'>corde,</span> <span class='ocrx_word' id='word_1_1291' title='bbox 2030 2780 2169 2806; x_wconf 83' lang='lat' dir='ltr'>inclinante</span> <span class='ocrx_word' id='word_1_1292' title='bbox 2187 2779 2221 2804; x_wconf 90' lang='lat' dir='ltr'>ad</span> <span class='ocrx_word' id='word_1_1293' title='bbox 2235 2778 2280 2804; x_wconf 89' lang='lat' dir='ltr'>mi-</span> 
     </span>
     <span class='ocr_line' id='line_1_202' title="bbox 1642 2825 2282 2851; baseline -0.002 -1"><span class='ocrx_word' id='word_1_1294' title='bbox 1642 2825 1784 2850; x_wconf 86' lang='lat' dir='ltr'>serandum</span> <span class='ocrx_word' id='word_1_1295' title='bbox 1814 2825 1859 2850; x_wconf 85' lang='grc'>171</span> <span class='ocrx_word' id='word_1_1296' title='bbox 1891 2826 1924 2851; x_wconf 91' lang='grc'>23</span> <span class='ocrx_word' id='word_1_1297' title='bbox 1952 2840 1987 2844; x_wconf 85' lang='grc'>-</span> <span class='ocrx_word' id='word_1_1298' title='bbox 2015 2825 2123 2851; x_wconf 87' lang='lat' dir='ltr'>suscitat</span> <span class='ocrx_word' id='word_1_1299' title='bbox 2148 2827 2282 2850; x_wconf 86' lang='lat' dir='ltr'>mortuum</span> 
     </span>
     <span class='ocr_line' id='line_1_203' title="bbox 1642 2860 2281 2901; baseline -0.002 -7"><span class='ocrx_word' id='word_1_1300' title='bbox 1642 2869 1752 2901; x_wconf 88' lang='lat' dir='ltr'>imperio</span> <span class='ocrx_word' id='word_1_1301' title='bbox 1772 2860 1913 2896; x_wconf 86' lang='lat' dir='ltr'>maiestatis</span> <span class='ocrx_word' id='word_1_1302' title='bbox 1938 2870 1965 2895; x_wconf 91' lang='lat' dir='ltr'>in</span> <span class='ocrx_word' id='word_1_1303' title='bbox 1991 2877 2112 2895; x_wconf 85' lang='lat' dir='ltr'>sermone</span> <span class='ocrx_word' id='word_1_1304' title='bbox 2138 2868 2171 2895; x_wconf 85' lang='lat' dir='ltr'>ib.</span> <span class='ocrx_word' id='word_1_1305' title='bbox 2192 2868 2226 2894; x_wconf 78' lang='grc'>25</span> <span class='ocrx_word' id='word_1_1306' title='bbox 2244 2881 2281 2887; x_wconf 89' lang='grc'>-</span> 
     </span>
     <span class='ocr_line' id='line_1_204' title="bbox 1641 2913 2282 2940; baseline -0.002 -1"><span class='ocrx_word' id='word_1_1307' title='bbox 1641 2914 1775 2939; x_wconf 84' lang='lat' dir='ltr'>suscitavit</span> <span class='ocrx_word' id='word_1_1308' title='bbox 1795 2914 1876 2940; x_wconf 89' lang='lat' dir='ltr'>filium</span> <span class='ocrx_word' id='word_1_1309' title='bbox 1896 2914 1994 2940; x_wconf 90' lang='lat' dir='ltr'>viduae</span> <span class='ocrx_word' id='word_1_1310' title='bbox 2007 2914 2039 2940; x_wconf 91' lang='lat' dir='ltr'>ad</span> <span class='ocrx_word' id='word_1_1311' title='bbox 2055 2913 2145 2939; x_wconf 86' lang='lat' dir='ltr'>matris</span> <span class='ocrx_word' id='word_1_1312' title='bbox 2163 2913 2282 2939; x_wconf 86' lang='lat' dir='ltr'>consola-</span> 
     </span>
     <span class='ocr_line' id='line_1_205' title="bbox 1642 2956 2280 2984; baseline -0.003 0"><span class='ocrx_word' id='word_1_1313' title='bbox 1642 2958 1739 2984; x_wconf 87' lang='lat' dir='ltr'>tionem</span> <span class='ocrx_word' id='word_1_1314' title='bbox 1765 2958 1815 2984; x_wconf 87' lang='grc'>172</span> <span class='ocrx_word' id='word_1_1315' title='bbox 1841 2960 1874 2984; x_wconf 88' lang='grc'>28</span> <span class='ocrx_word' id='word_1_1316' title='bbox 1892 2973 1929 2979; x_wconf 90' lang='grc'>-</span> <span class='ocrx_word' id='word_1_1317' title='bbox 1947 2966 1979 2984; x_wconf 87' lang='lat' dir='ltr'>ex</span> <span class='ocrx_word' id='word_1_1318' title='bbox 1998 2958 2165 2984; x_wconf 81' lang='lat' dir='ltr'>suscitatione</span> <span class='ocrx_word' id='word_1_1319' title='bbox 2184 2956 2280 2983; x_wconf 90' lang='lat' dir='ltr'>mortui</span> 
     </span>
     <span class='ocr_line' id='line_1_206' title="bbox 1641 3002 2281 3037; baseline -0.002 -9"><span class='ocrx_word' id='word_1_1320' title='bbox 1641 3003 1820 3029; x_wconf 84' lang='lat' dir='ltr'>manifestatus</span> <span class='ocrx_word' id='word_1_1321' title='bbox 1839 3007 1878 3030; x_wconf 89' lang='lat' dir='ltr'>est</span> <span class='ocrx_word' id='word_1_1322' title='bbox 1896 3006 2025 3037; x_wconf 78' lang='lat' dir='ltr'>quantum</span> <span class='ocrx_word' id='word_1_1323' title='bbox 2051 3003 2085 3029; x_wconf 89' lang='lat' dir='ltr'>ad</span> <span class='ocrx_word' id='word_1_1324' title='bbox 2104 3002 2281 3028; x_wconf 84' lang='lat' dir='ltr'>excellentiam</span> 
     </span>
     <span class='ocr_line' id='line_1_207' title="bbox 1641 3045 2280 3081; baseline -0.005 -7"><span class='ocrx_word' id='word_1_1325' title='bbox 1641 3049 1776 3080; x_wconf 87' lang='lat' dir='ltr'>potestatis</span> <span class='ocrx_word' id='word_1_1326' title='bbox 1794 3052 1823 3074; x_wconf 92' lang='lat' dir='ltr'>ut</span> <span class='ocrx_word' id='word_1_1327' title='bbox 1841 3048 1970 3081; x_wconf 80' lang='lat' dir='ltr'>mediator</span> <span class='ocrx_word' id='word_1_1328' title='bbox 1990 3051 2016 3074; x_wconf 88' lang='lat' dir='ltr'>et</span> <span class='ocrx_word' id='word_1_1329' title='bbox 2032 3047 2186 3080; x_wconf 85' lang='lat' dir='ltr'>redemptor</span> <span class='ocrx_word' id='word_1_1330' title='bbox 2200 3045 2233 3072; x_wconf 90' lang='lat' dir='ltr'>ib.</span> <span class='ocrx_word' id='word_1_1331' title='bbox 2247 3046 2280 3071; x_wconf 86' lang='lat'>30</span> 
     </span>
    </p>

    <p class='ocr_par' dir='ltr' id='par_1_28' title="bbox 1639 3089 2281 3427">
     <span class='ocr_line' id='line_1_208' title="bbox 1693 3089 2281 3118; baseline -0.005 0"><span class='ocrx_word' id='word_1_1332' title='bbox 1693 3106 1729 3111; x_wconf 97' lang='lat'>—</span> <span class='ocrx_word' id='word_1_1333' title='bbox 1747 3092 1859 3118; x_wconf 91' lang='lat' dir='ltr'>excludit</span> <span class='ocrx_word' id='word_1_1334' title='bbox 1877 3095 1955 3118; x_wconf 88' lang='lat' dir='ltr'>testes</span> <span class='ocrx_word' id='word_1_1335' title='bbox 1974 3099 2027 3118; x_wconf 94' lang='lat' dir='ltr'>non</span> <span class='ocrx_word' id='word_1_1336' title='bbox 2046 3092 2154 3117; x_wconf 89' lang='lat' dir='ltr'>idoneos</span> <span class='ocrx_word' id='word_1_1337' title='bbox 2173 3091 2215 3117; x_wconf 89' lang='lat' dir='ltr'>Vll</span> <span class='ocrx_word' id='word_1_1338' title='bbox 2230 3089 2281 3116; x_wconf 88' lang='grc'>214</span> 
     </span>
     <span class='ocr_line' id='line_1_209' title="bbox 1641 3136 2281 3169; baseline -0.003 -8"><span class='ocrx_word' id='word_1_1339' title='bbox 1641 3137 1683 3162; x_wconf 86' lang='grc'>90.</span> <span class='ocrx_word' id='word_1_1340' title='bbox 1704 3137 1756 3163; x_wconf 84' lang='grc'>215</span> <span class='ocrx_word' id='word_1_1341' title='bbox 1776 3137 1809 3162; x_wconf 87' lang='grc'>93</span> <span class='ocrx_word' id='word_1_1342' title='bbox 1822 3150 1858 3156; x_wconf 94' lang='grc'>-</span> <span class='ocrx_word' id='word_1_1343' title='bbox 1870 3136 1972 3163; x_wconf 87' lang='lat' dir='ltr'>Christo</span> <span class='ocrx_word' id='word_1_1344' title='bbox 1985 3136 2115 3169; x_wconf 82' lang='lat' dir='ltr'>praesenti</span> <span class='ocrx_word' id='word_1_1345' title='bbox 2129 3136 2214 3167; x_wconf 88' lang='lat' dir='ltr'>puella</span> <span class='ocrx_word' id='word_1_1346' title='bbox 2228 3141 2281 3160; x_wconf 89' lang='lat' dir='ltr'>non</span> 
     </span>
     <span class='ocr_line' id='line_1_210' title="bbox 1641 3180 2279 3207; baseline -0.003 -2"><span class='ocrx_word' id='word_1_1347' title='bbox 1641 3182 1696 3206; x_wconf 85' lang='lat' dir='ltr'>erat</span> <span class='ocrx_word' id='word_1_1348' title='bbox 1714 3183 1818 3206; x_wconf 87' lang='lat' dir='ltr'>mortua</span> <span class='ocrx_word' id='word_1_1349' title='bbox 1837 3181 1889 3207; x_wconf 86' lang='grc'>215</span> <span class='ocrx_word' id='word_1_1350' title='bbox 1909 3182 1942 3206; x_wconf 88' lang='grc'>92</span> <span class='ocrx_word' id='word_1_1351' title='bbox 1961 3195 1997 3199; x_wconf 96' lang='grc'>-</span> <span class='ocrx_word' id='word_1_1352' title='bbox 2022 3180 2129 3206; x_wconf 79' lang='lat' dir='ltr'>suscitat</span> <span class='ocrx_word' id='word_1_1353' title='bbox 2148 3181 2279 3204; x_wconf 88' lang='lat' dir='ltr'>mortuam</span> 
     </span>
     <span class='ocr_line' id='line_1_211' title="bbox 1641 3222 2280 3257; baseline -0.005 -7"><span class='ocrx_word' id='word_1_1354' title='bbox 1641 3224 1745 3250; x_wconf 88' lang='lat' dir='ltr'>sublimi</span> <span class='ocrx_word' id='word_1_1355' title='bbox 1765 3224 1878 3257; x_wconf 86' lang='lat' dir='ltr'>imperio</span> <span class='ocrx_word' id='word_1_1356' title='bbox 1903 3225 2046 3251; x_wconf 76' lang='lat' dir='ltr'>maiestatls</span> <span class='ocrx_word' id='word_1_1357' title='bbox 2074 3222 2108 3250; x_wconf 89' lang='lat' dir='ltr'>ib.</span> <span class='ocrx_word' id='word_1_1358' title='bbox 2140 3222 2173 3248; x_wconf 83' lang='lat'>94</span> <span class='ocrx_word' id='word_1_1359' title='bbox 2192 3235 2227 3241; x_wconf 94' lang='lat'>—</span> <span class='ocrx_word' id='word_1_1360' title='bbox 2247 3225 2280 3247; x_wconf 90' lang='lat' dir='ltr'>te-</span> 
     </span>
     <span class='ocr_line' id='line_1_212' title="bbox 1640 3265 2280 3295; baseline -0.008 0"><span class='ocrx_word' id='word_1_1361' title='bbox 1640 3276 1705 3295; x_wconf 87' lang='lat' dir='ltr'>nens</span> <span class='ocrx_word' id='word_1_1362' title='bbox 1724 3275 1831 3295; x_wconf 89' lang='lat' dir='ltr'>manum</span> <span class='ocrx_word' id='word_1_1363' title='bbox 1850 3269 1959 3295; x_wconf 86' lang='lat' dir='ltr'>adiuvat</span> <span class='ocrx_word' id='word_1_1364' title='bbox 1971 3269 2095 3294; x_wconf 89' lang='lat' dir='ltr'>virtutem</span> <span class='ocrx_word' id='word_1_1365' title='bbox 2110 3265 2172 3293; x_wconf 83' lang='lat' dir='ltr'>ibid.</span> <span class='ocrx_word' id='word_1_1366' title='bbox 2187 3279 2222 3285; x_wconf 98' lang='lat'><strong>—</strong></span> <span class='ocrx_word' id='word_1_1367' title='bbox 2235 3265 2280 3291; x_wconf 83' lang='lat' dir='ltr'>dat</span> 
     </span>
     <span class='ocr_line' id='line_1_213' title="bbox 1640 3311 2278 3345; baseline -0.008 -6"><span class='ocrx_word' id='word_1_1368' title='bbox 1640 3313 1745 3345; x_wconf 78' lang='lat' dir='ltr'>signum</span> <span class='ocrx_word' id='word_1_1369' title='bbox 1759 3319 1838 3339; x_wconf 82' lang='lat' dir='ltr'>verae</span> <span class='ocrx_word' id='word_1_1370' title='bbox 1851 3312 2025 3339; x_wconf 82' lang='lat' dir='ltr'>suscitationis</span> <span class='ocrx_word' id='word_1_1371' title='bbox 2038 3311 2148 3343; x_wconf 84' lang='lat' dir='ltr'>puellae,</span> <span class='ocrx_word' id='word_1_1372' title='bbox 2169 3313 2196 3335; x_wconf 92' lang='lat' dir='ltr'>ut</span> <span class='ocrx_word' id='word_1_1373' title='bbox 2209 3316 2278 3335; x_wconf 90' lang='lat' dir='ltr'>men-</span> 
     </span>
     <span class='ocr_line' id='line_1_214' title="bbox 1640 3353 2279 3389; baseline -0.008 -6"><span class='ocrx_word' id='word_1_1374' title='bbox 1640 3359 1678 3383; x_wconf 86' lang='lat' dir='ltr'>tes</span> <span class='ocrx_word' id='word_1_1375' title='bbox 1696 3360 1836 3389; x_wconf 78' lang='lat' dir='ltr'>parentum</span> <span class='ocrx_word' id='word_1_1376' title='bbox 1855 3357 1940 3383; x_wconf 88' lang='lat' dir='ltr'>elevet</span> <span class='ocrx_word' id='word_1_1377' title='bbox 1963 3356 1990 3382; x_wconf 85' lang='lat' dir='ltr'>in</span> <span class='ocrx_word' id='word_1_1378' title='bbox 2018 3355 2149 3381; x_wconf 84' lang='lat' dir='ltr'>excelsum</span> <span class='ocrx_word' id='word_1_1379' title='bbox 2168 3353 2279 3379; x_wconf 88' lang='lat' dir='ltr'>admira-</span> 
     </span>
     <span class='ocr_line' id='line_1_215' title="bbox 1639 3401 1840 3427; baseline -0.005 0"><span class='ocrx_word' id='word_1_1380' title='bbox 1639 3401 1716 3427; x_wconf 85' lang='lat' dir='ltr'>tionis</span> <span class='ocrx_word' id='word_1_1381' title='bbox 1735 3401 1786 3427; x_wconf 85' lang='grc'>216</span> <span class='ocrx_word' id='word_1_1382' title='bbox 1806 3401 1840 3427; x_wconf 85' lang='grc'>97</span> 
     </span>
    </p>
   </div>
  </div>
 </body>
</html>
