2476 3921
775 211 969 244 COMMENT.
996 211 1032 243 lN
1056 210 1295 244 EVANGELIUM
1319 211 1436 244 LUCAE
1461 212 1492 244 C.
1520 213 1578 244 Vll.

179 302 298 336 decimo
316 303 345 334 ¹:
365 314 380 331 tt
392 302 515 344 Loquar
528 301 559 334 in
572 300 781 334 amaritudine
793 300 915 333 animae
926 308 1024 338 meae,
1041 299 1141 332 dicam

180 356 257 389 Deo:
282 355 348 388 Noli
373 363 424 388 me
447 354 657 388 condemnare
673 366 705 392 »;
730 356 762 386 et
785 353 935 395 septimo:
958 353 1052 385 «Non
1071 361 1142 394 par-

179 418 246 442 cam
270 409 317 441 ori
341 417 429 447 meo,
455 408 566 450 loquar
602 407 633 440 in
664 407 865 440 tribulatione
899 406 1030 448 spiritus
1062 406 1141 444 mei,

178 461 401 494 confabulabor
425 470 498 495 cum
523 460 734 493 amaritudine
757 460 880 492 animae
904 468 992 492 meae
1006 473 1035 490 n.
1061 459 1142 491 Red-

20 517 21 531 ³
68 524 158 546 Tertius·
177 515 267 548 ditus
291 518 337 547 est
361 515 482 553 matri,
508 514 661 547 Ecclesiae
685 522 741 556 per
774 513 1033 551 satisfactionem,
1066 512 1142 554 quia

176 567 373 610 satisfacere
388 571 435 601 est
451 567 592 601 debitum
618 566 768 605 reddere,
793 575 855 598 non
880 566 944 598 Deo
969 565 1049 608 Patri
1073 568 1141 597 tan-

178 624 262 660 tum,
287 621 341 654 sed
365 621 459 654 etiam
484 621 576 653 matri
599 620 769 659 Ecclesiae;
795 619 825 652 in
851 619 943 652 cuius
967 617 1070 661 figura
1093 619 1140 651 di—

176 673 259 707 citur
283 674 388 717 quarti
413 674 531 716 Regum
557 676 672 716 quarto
686 673 713 705 2:
743 679 758 701 <t
776 672 861 705 Tolle
885 680 1021 714 puerum
1043 672 1139 704 istum

175 729 206 760 et
229 727 291 760 duc
307 735 381 760 eum
404 726 443 759 ad
461 729 592 759 matrem
611 735 701 759 suam
717 728 748 757 ἰ).
767 725 802 758 Εῑ
818 725 900 758 sicut
916 727 1017 757 mater
1041 724 1140 757 liben-

177 783 224 813 ter
248 780 378 822 suscipit
402 780 502 812 filium
521 779 722 818 suscitatum,
740 779 784 811 sic
800 777 974 820 gaudenter
995 777 1140 810 Christus

175 836 207 866 et
237 833 372 866 Ecclesia
403 836 600 875 peccatorem
637 832 866 874 poenitentem;
903 830 984 863 infra
1018 830 1140 863 decimo

175 885 303 928 quinto:
333 898 348 914 α
365 886 491 928 Epulari
516 885 682 927 oportebat
705 887 736 917 et
759 883 914 926 gaudere,
943 883 1018 925 quia
1041 882 1139 915 frater

176 943 251 972 tuus
275 939 326 972 hic
350 942 496 972 mortuus
520 942 589 972 erat
611 942 643 971 et
667 937 832 970 revixit».

206 1027 334 1062 Secundo,
355 1026 505 1071 declaratur
523 1025 674 1054 sublimitas
692 1024 809 1052 Doctoris
827 1024 932 1060 propter
950 1023 1109 1051 evidentiam

358 1070 485 1097 veritatis
503 1077 548 1105 por
567 1069 746 1097 testimonium
765 1068 954 1095 Praecursoris.

265 1151 317 1185 33.
345 1152 385 1184 Et
407 1151 487 1184 exiit
510 1150 563 1183 liic
586 1159 694 1183 sermo
726 1153 785 1183 etc.
816 1149 981 1191 Postquam
1014 1151 1140 1181 ostensa

175 1208 222 1238 est
245 1205 438 1238 sufficienter
462 1204 650 1238 excellentia
673 1203 836 1246 potestatis
868 1203 899 1235 in
934 1202 1059 1235 Christo
1082 1210 1139 1244 per

175 1258 421 1301 magnitudinem
444 1258 579 1300 duplicis
603 1257 766 1296 miraculi,
791 1256 843 1289 hic
867 1255 1004 1289 secundo
1035 1258 1139 1288 osten-

174 1311 261 1344 ditur
285 1311 448 1344 evidentia
472 1310 623 1343 veritatis
646 1310 678 1342 in
702 1309 812 1343 eodem
835 1318 891 1351 per
915 1308 1137 1342 certitudinem

176 1365 295 1398 veracis
327 1364 510 1403 testimonii,
546 1363 631 1406 quod
662 1362 789 1405 quidem
821 1362 881 1395 fuit
916 1361 1139 1394 testimonium

6 1417 7 1462 l
177 1417 427 1450 Praecursoris.
453 1417 494 1450 Ad
513 1417 611 1450 huius
626 1419 733 1449 autem
754 1415 923 1448 testimonii
940 1414 1139 1447 certificatio-

6 1479 161 1510 ffloniemmq-
175 1480 247 1504 nem
270 1470 438 1513 dupliciter
462 1469 588 1512 procedi
612 1472 715 1512 potest
731 1473 762 1502 et
785 1468 891 1501 debet:
917 1471 972 1500 aut
988 1476 1045 1509 per
1058 1477 1138 1510 pro-

5 1520 6 1527 *
26 1506 83 1554 '0¹1¹ssss
93 1506 162 1555 ῗὲῗῖἓῖ
176 1524 340 1557 hattonem
362 1524 513 1556 veritatis
534 1523 643 1565 ipsius
659 1523 695 1555 in
711 1532 763 1561 se,
780 1525 836 1554 aut
851 1530 908 1563 per
925 1520 1137 1564 approbatio-

4 1571 5 1579 *
25 1559 105 1582 fiam
175 1587 250 1610 nem
266 1577 402 1610 virtutis
418 1576 454 1609 in
471 1576 671 1618 testificante.
690 1575 830 1607 Primum
846 1574 975 1616 respicit
987 1574 1138 1607 Praecur-

176 1630 257 1664 soris
272 1630 479 1669 doctrinam„
491 1629 665 1662 secundum
684 1637 759 1661 vero
776 1627 904 1669 respicit
920 1626 1139 1660 Praecursoris

176 1684 298 1723 vitam,
323 1692 460 1726 quorum
485 1686 659 1724 utrumque
690 1681 763 1714 facit
786 1681 824 1713 ad
849 1680 1138 1722 comprobationem

177 1737 354 1770 testimonii.
380 1736 483 1769 Primo
499 1745 575 1778 ergo
591 1736 623 1768 in
641 1736 698 1768 hac
714 1738 805 1777 parte
820 1734 1007 1773 ostenditur,
1033 1734 1139 1766 Prae-

177 1790 328 1823 cursoris
352 1789 574 1822 testimoniam
590 1798 657 1821 esse
673 1798 811 1826 veruna
827 1787 966 1821 secundo
991 1796 1078 1825 vero,
1096 1791 1140 1820 te-

176 1842 352 1885 stificantis
384 1842 541 1876 meritum
572 1851 639 1874 esse
670 1851 849 1884 magnam,
882 1841 924 1874 ibi
938 1841 969 1873 ³:
995 1841 1035 1873 Et
1062 1850 1139 1873 cam

176 1896 401 1929 discessissent
422 1896 536 1929 nuntii
558 1896 697 1929 loannis
720 1899 779 1928 etc.

265 1949 355 1982 Circa
377 1949 516 1991 primum
540 1951 665 1988 autem,
682 1948 800 1982 scilicet
817 1947 982 1980 veritatem
999 1946 1139 1979 testimo-

25 2002 67 2041 ,oe
81 2011 157 2042 propa·
177 2002 219 2035 nii
244 2001 526 2044 comprobandam,
550 2002 613 2035 duo
637 2001 895 2034 introducuntur.
928 2000 1068 2033 Primum
1092 2003 1140 2033 est

3 2039 157 2112 ἶὲἕὲἶέιῗῖἑῗὲ
176 2056 323 2100 quaestio
349 2056 611 2094 Praecursoris;
628 2055 802 2088 secundum
819 2057 866 2087 est
882 2054 1053 2096 responsio
1071 2053 1142 2086 Sal-

14 2093 158 2139 tatingum
176 2110 323 2148 valoris,
347 2109 433 2142 ibi4:
459 2109 500 2141 In
523 2109 599 2151 ipsa
627 2113 738 2141 autem
771 2106 857 2140 hora
888 2107 1022 2139 curavit
1053 2106 1138 2139 mul-

177 2166 225 2195 tos
248 2167 306 2195 etc.
331 2162 460 2204 Quaerit
483 2165 588 2195 autem
608 2162 736 2194 Ioannes
756 2161 796 2193 ab
812 2170 849 2193 eo
866 2161 916 2193 cui
933 2160 1139 2202 perhibuerat

177 2216 408 2255 testimonium,
433 2225 495 2248 non
519 2218 650 2257 propter
674 2215 807 2248 dubium
840 2213 1060 2252 amovendum,
1085 2213 1139 2246 sed

176 2273 305 2312 propter
329 2268 543 2302 testimonium
566 2267 806 2310 approbandum
827 2275 884 2309 per
907 2266 1068 2299 infallibile
1088 2275 1139 2298 ar-

14 2329 163 2377 Ptiugmiuae-
176 2325 371 2365 gumentum.
396 2340 440 2345 ——
464 2321 652 2363 Proponitur
676 2323 783 2353 autem
806 2319 949 2362 quaestio
964 2318 1064 2361 ipsius
1080 2319 1140 2351 hoc

14 2358 68 2414 :2¹3³
80 2362 164 2414 ἰῗῗςῗιῗῦ-
178 2375 298 2409 ordine.
318 2375 421 2407 Primo
438 2374 521 2407 enim
539 2374 752 2407 introducitur
776 2373 969 2415 quaestionis
991 2372 1120 2405 occasio
1127 2384 1139 2411 ;

15 2412 75 2458 ῗῗιιῖἷ-
95 2410 162 2437 ‘⁰¹⁸¹'
177 2429 315 2463 secundo
342 2438 436 2468 vero,
460 2427 652 2471 quaestionis
679 2426 892 2460 demandatio
900 2438 912 2465 ,-
936 2426 1029 2460 tertio
1053 2435 1139 2465 vero,

177 2482 380 2516 demandatae
403 2481 596 2524 quaestionis
618 2481 835 2514 denuntiatio.

267 2529 319 2568 34‘.
345 2535 446 2577 (Vers.
478 2536 552 2576 17.).
580 2534 792 2567 lntroducitur
816 2542 891 2576 ergo
915 2533 1017 2576 primo
1040 2543 1139 2577 quae-

50 2596 136 2617 Oooasio
178 2589 275 2622 rendi
295 2589 424 2622 occasio
440 2597 482 2621 ex
498 2588 633 2621 nominis
649 2588 763 2620 Christi
781 2587 967 2630 praeconio;
984 2590 1139 2629 quantum

35 2623 158 2649 ‘¹⁰³⁰“nffi'
178 2643 217 2677 ad
241 2643 325 2686 quod
348 2643 478 2676 dicitur:
505 2643 545 2674 Et
568 2641 649 2674 exiit
672 2640 725 2674 hic
747 2651 873 2679 sermo,
898 2641 1017 2674 scilicet
1032 2640 1070 2674 de
1087 2649 1140 2673 su-

250 2807 260 2823 ¹
281 2809 355 2834 Vers.
376 2809 400 2834 11.
419 2815 473 2841 seq.
494 2811 519 2833 et
538 2808 634 2834 deinde
652 2808 683 2840 7,
710 2809 746 2833 il.

250 2852 260 2867 ²
281 2854 355 2879 Vers.
376 2853 422 2885 ⁴93
441 2854 486 2878 err.
506 2859 532 2877 v.
552 2853 596 2878 36.
617 2866 652 2871 —
672 2852 795 2885 Sequitur
813 2853 875 2878 Luc.
900 2852 946 2883 15,
960 2852 1002 2878 32.
1017 2852 1096 2884 Beda,
1111 2853 1138 2878 ll.

181 2898 205 2923 in
224 2899 286 2923 Luc.
305 2897 321 2922 7
331 2918 336 2929 ,
361 2898 403 2923 15:
422 2896 550 2923 Redditur
570 2896 668 2928 matri,
689 2903 749 2922 cum
770 2903 817 2928 per
845 2897 1014 2922 sacerdotalis
1033 2897 1138 2922 decreta

181 2942 268 2968 iudicii
287 2941 466 2967 communioni
486 2941 598 2967 sociatur
618 2941 755 2966 Ecclesiae.

251 2984 262 3000 ³
281 2986 357 3011 Vers.
376 2985 424 3017 24,
444 2985 490 3011 ubi
510 2992 558 3017 pro
577 2984 668 3011 nuntii
685 2984 735 3011 AC
747 2985 799 3010 ΒΗ
819 2984 950 3018 discipuli.

250 3029 262 3043 ⁴
281 3030 358 3055 Vers.
380 3030 421 3055 2¹.
441 3043 476 3049 —-
495 3029 612 3065 Sphinde
640 3028 778 3061 respicitur
798 3029 865 3054 ioan.
888 3029 917 3061 l,
936 3028 968 3054 7:
988 3029 1034 3054 Hic
1054 3028 1138 3062 [loan-

181 3074 237 3107 nes]
257 3075 329 3099 venit
348 3074 373 3099 in
392 3074 586 3104 testimonium,
607 3076 634 3099 ut
654 3074 832 3099 testimonium
852 3072 1003 3105 perhiberet
1021 3076 1079 3105 etc.;
1093 3074 1137 3098 cfr.

181 3117 244 3144 ibid.
264 3125 290 3144 v.
314 3118 352 3143 19.
372 3118 414 3143 32.
435 3121 459 3143 et
478 3118 521 3143 34.

252 3161 262 3176 ¹⁵
282 3163 372 3188 Plures
390 3162 467 3188 codd.
487 3162 518 3188 de
538 3161 595 3196 ipso
614 3164 639 3188 ct
658 3162 731 3189 circa
751 3168 857 3188 omnem
876 3161 1020 3200 reqionem.
1039 3175 1075 3181 -
1094 3162 1140 3187 Se-

182 3210 297 3240 quuntur
317 3206 361 3232 lob
381 3207 432 3238 28,
452 3208 499 3237 22;
519 3207 594 3232 losue
613 3207 643 3237 9,
664 3206 688 3232 9.
708 3209 733 3231 et
752 3207 839 3232 Matth.
858 3205 888 3238 4,
909 3205 950 3231 24.

252 3249 263 3264 ⁰
284 3251 359 3276 Vers.
383 3251 420 3276 ¹5.

252 3293 262 3308 ⁷
282 3294 351 3320 Libr.
372 3295 398 3320 ΙΙ.
420 3295 444 3320 in
463 3296 525 3321 Luc.
545 3295 576 3326 7,
597 3295 644 3327 ⁴8,
665 3294 710 3320 ubi
724 3302 772 3327 pro
784 3294 941 3321 stimulante
960 3297 1043 3321 textus
1063 3295 1139 3327 origi-

182 3340 248 3364 nalis
272 3338 412 3365 stimulato
436 3339 569 3365 substituit
593 3342 631 3370 et,
657 3339 748 3371 paucis
776 3339 930 3370 interiectis,
955 3339 1137 3372 prosequitur:

185 3393 198 3405 α
212 3383 276 3408 Nam
296 3386 322 3408 et
340 3382 400 3408 alibi
421 3382 502 3416 [ioan.
521 3383 552 3414 3,
572 3382 624 3416 26.]
646 3383 679 3408 ita
708 3383 779 3414 apud
805 3389 866 3408 eum
894 3383 980 3410 questi
1004 3390 1062 3408 esse
1080 3390 1138 3414 pro-

2109 215 2170 247 173

1206 299 1369 332 scitatione
1394 301 1530 339 mortui,
1555 301 1591 332 in
1614 302 1810 334 universam
1835 303 1997 335 Iudaeam
2022 303 2060 334 de
2084 312 2118 334 eo
2143 306 2171 334 et

1206 352 1242 384 in
1267 362 1395 385 omnem
1418 353 1511 386 circa
1543 355 1707 396 reyz'maem
1721 355 1745 394 ⁶,
1772 356 1813 387 ita
1846 359 1880 388 ut
1913 360 2039 397 possent
2063 364 2171 387 omnes

1205 404 1310 438 dicere
1334 405 1411 438 illud
1437 406 1488 438 lob
1513 406 1662 448 vigesimo
1697 411 1822 439 octavo:
1852 420 1867 435 ιι
1885 408 2021 440 Auribus
2053 408 2169 440 nostris

1204 458 1384 491 audivimus
1407 458 1520 491 famam
1545 459 1614 492 eius
1628 472 1657 498 ¹²3
1683 464 1713 492 et
1732 460 1819 493 losue
1836 470 1934 493 nono:
1958 473 1973 488 α
1987 461 2170 493 Audivimus

1205 510 1319 543 samam
1352 512 1508 553 potentiae
1536 513 1653 552 eius»,
1686 513 1804 546 scilicet
1836 514 1888 546 Dei
1923 514 1986 552 tui;
2025 514 2108 546 unde
2140 518 2171 546 et

1205 565 1350 598 Matthaei
1376 569 1491 607 quarto
1513 566 1647 605 dicitur,
1672 566 1756 608 quod
1786 579 1801 595 α
1818 567 1893 599 abiit
1917 567 2022 608 opinio
2046 567 2115 599 eius
2140 567 2169 598 in

1205 621 1302 651 totam
1327 618 1447 660 Syriam
1466 632 1496 650 n.
1521 619 1619 651 Cuius
1636 619 1738 661 figura
1755 619 1925 661 praecessit
1943 619 1973 651 in
1990 619 2064 651 Ozia
2081 628 2169 660 rege;
2191 632 2273 657 Figura.

1204 671 1333 704 secundi
1356 672 1613 714 Paralipomenon
1638 672 1787 714 vigesimo
1812 672 1947 705 sext0⁶z
1971 685 1985 700 α
2005 673 2169 714 Egressum

1204 728 1251 757 est
1275 733 1388 757 nomen
1412 724 1480 757 eius
1504 725 1633 766 procul,
1658 734 1695 758 eo
1719 725 1804 767 quod
1828 725 2039 758 auxiliaretur
2065 726 2091 758 ei
2111 725 2170 757 Do-

1205 777 1310 809 minus
1333 780 1364 809 et
1388 777 1624 810 corroborasset
1648 787 1720 810 eum
1739 791 1768 809 ».

1294 830 1346 863 35.
1372 831 1474 872 (Vers.
1503 831 1577 871 18.).
1604 831 1665 864 Hoc
1689 834 1793 864 autem
1819 831 1920 863 famae
1949 831 2169 872 praeconium,
2185 843 2323 873 Praeponam

1205 883 1277 916 licet
1300 887 1382 916 esset
1406 883 1514 916 multis
1538 893 1633 916 causa
1657 884 1822 923 credendi,
1846 888 1914 917 erat
1939 887 2040 916 tamen
2058 883 2170 925 aliqui—
2185 870 2324 927 ffissfflffiffi

1204 937 1265 969 bus
1288 936 1410 969 occasio
1434 937 1610 976 invidendi,
1636 937 1718 970 sicut
1741 937 1903 979 discipulis
1921 937 2052 975 loannis,
2070 946 2170 978 quan-
2208 923 2301 944 ‘'md''

1204 993 1273 1022 tum
1297 989 1336 1022 ad
1360 998 1441 1031 quos
1464 989 1608 1022 additur:
1637 991 1677 1022 Et
1698 990 1942 1022 nuntiaverunt
1967 990 2089 1022 loanni
2120 990 2169 1021 di-

1203 1042 1327 1085 scipuli
1341 1043 1413 1075 eius
1436 1043 1475 1075 de
1499 1042 1653 1075 omnibus
1674 1041 1735 1075 llis.
1766 1042 1886 1075 Beda⁷:
1917 1042 2011 1074 «Non
2035 1041 2167 1083 simplici

1204 1096 1316 1135 corde,
1342 1096 1396 1129 sed
1428 1096 1544 1129 invidia
1579 1096 1780 1135 stimulante,
1813 1095 1895 1128 sicut
1926 1096 2015 1134 alibi,
2052 1095 2169 1128 scilicet

1204 1149 1326 1182 loannis
1350 1150 1453 1188 tertio,
1478 1153 1660 1191 queruntur
1684 1139 1841 1182 dicentes:
1870 1148 1991 1187 Rabbi,
2016 1149 2075 1191 qui
2097 1153 2170 1181 erat

1204 1206 1308 1235 tecum
1326 1206 1422 1235 trans
1436 1203 1631 1241 Iordanem,
1649 1203 1706 1234 cai
1721 1202 1943 1235 testimonium
1957 1201 2167 1244 perhibuisti,

1203 1265 1290 1294 ecce,
1316 1255 1369 1288 liic
1394 1255 1564 1298 baptizat,
1589 1260 1619 1288 et
1642 1265 1753 1288 omnes
1776 1256 1913 1287 veniunt
1944 1255 1990 1287 acl
2013 1265 2098 1287 eum.
2125 1255 2168 1288 De

1203 1309 1319 1342 talibus
1342 1309 1380 1341 ad
1414 1309 1628 1350 Philippenses
1653 1308 1798 1350 primo⁸z
1828 1322 1843 1337 «
1861 1309 1992 1350 Quidam
2030 1318 2070 1341 ex
2096 1318 2169 1341 con-

1203 1362 1356 1401 tentione,
1382 1372 1444 1395 non
1461 1363 1601 1401 sincere,
1618 1362 1778 1395 Christum
1797 1363 2027 1395 annuntiant».
2048 1362 2091 1394 Ex
2111 1362 2168 1395 hoc

1203 1423 1279 1457 ergo
1303 1419 1407 1447 sumta
1431 1418 1478 1447 est
1501 1415 1623 1447 occasio
1647 1415 1834 1457 quaerendi,
1860 1420 1969 1447 utrum
1994 1415 2059 1457 ipse
2076 1418 2167 1453 esset,

1203 1477 1297 1510 quem
1323 1468 1451 1501 loannes
1475 1468 1768 1509 praenuntiaverat,
1794 1472 1861 1501 tum
1887 1472 2016 1510 propter
2033 1468 2169 1510 discipu-

1203 1521 1307 1553 lorum
1332 1520 1481 1553 invidiam
1505 1521 1760 1562 exstirpandam,
1794 1525 1860 1553 tum
1886 1524 2015 1563 propter
2043 1524 2170 1553 conten-

1202 1573 1319 1605 tionem
1344 1573 1607 1614 consopiendam,
1633 1577 1699 1605 tum
1724 1578 1854 1615 propter
1878 1573 2020 1615 ipsorum
2045 1573 2169 1605 dubita-

1203 1625 1319 1658 tionem
1343 1625 1563 1665 amovendam,
1589 1629 1656 1658 tum
1680 1626 1774 1659 etiam
1809 1630 1938 1668 propter
1963 1626 2063 1668 ipsam
2088 1625 2169 1658 veri-

1204 1682 1299 1712 tatem
1324 1679 1386 1711 iam
1410 1679 1528 1712 clarius
1551 1679 1783 1721 divulgandam.

1293 1732 1345 1765 36.
1371 1732 1472 1774 (Vers.
1502 1733 1577 1772 19.).
1603 1732 1756 1765 Subditur
1788 1741 1864 1775 ergo
1899 1732 2038 1765 secundo
2070 1742 2169 1775 quae·
2185 1747 2325 1778 nemea-2310

1202 1786 1320 1819 stionis
1347 1786 1562 1819 demandatio
1586 1795 1628 1819 ex
1653 1786 1775 1819 Ioannis
1799 1787 1920 1825 officio,
1945 1795 2017 1819 cum
2034 1786 2167 1819 dicitur:
2184 1777 2324 1801 q⁰³⁹⁵²¹⁰¹³¹⁵'

1204 1839 1244 1871 Et
1266 1839 1398 1871 vocavit
1422 1839 1507 1871 duos
1531 1848 1570 1871 cx
1594 1838 1770 1881 discipulis
1793 1839 1866 1872 sais
1891 1840 2033 1872 Ioannes
2056 1843 2084 1871 et
2106 1839 2169 1871 mi-

1202 1893 1246 1925 sit
1269 1892 1315 1925 ad
1338 1892 1448 1924 Iesum
1462 1892 1484 1924 ⁹.
1509 1892 1571 1925 Hoc
1594 1892 1679 1925 enim
1715 1896 1834 1935 spectat
1858 1893 1896 1925 ad
1921 1893 1990 1926 eius
2017 1893 2168 1931 officium,

1203 1945 1310 1979 missio
1334 1945 1564 1987 discipulorum
1588 1945 1627 1978 ad
1650 1945 1821 1979 Christum.
1848 1946 2067 1979 Praecursoris
2084 1946 2166 1978 enim

1203 1999 1342 2032 officium
1367 2001 1431 2038 est,
1456 1999 1495 2031 ad
1520 1998 1683 2031 Christum
1718 1999 1843 2032 mittere
1874 1999 1972 2032 verbo
1995 1999 2114 2041 pariter
2138 2003 2169 2031 et

1203 2052 1321 2092 officio,
1339 2056 1403 2084 tam
1420 2052 1537 2085 scilicet
1560 2052 1769 2094 praedicando
1793 2061 1889 2094 quam
1906 2052 2102 2094 baptizando,
2120 2060 2168 2085 se-

1202 2105 1344 2139 cundum
1362 2105 1446 2148 quod
1462 2105 1578 2138 dicitur
1595 2106 1728 2139 Actuum
1745 2106 1865 2139 decimo
1881 2115 1963 2139 nono
1978 2106 2022 2138 ¹⁰.-
2053 2119 2068 2134 «
2082 2106 2167 2138 loan-

1203 2168 1260 2192 nes
1283 2159 1454 2201 baptizavit
1477 2159 1632 2201 baptismo
1656 2159 1866 2201 poenitentiae
1888 2159 2009 2198 dicens,
2035 2160 2066 2192 in
2093 2168 2167 2192 eum

1203 2213 1258 2256 qui
1282 2216 1438 2246 venturus
1461 2216 1529 2245 erat
1553 2216 1589 2245 ut
1612 2212 1820 2246 crederent».
1840 2213 1923 2246 Unde
1939 2212 2061 2246 Glossa:
2085 2213 2167 2245 «Mi-

1203 2266 1244 2299 sit
1266 2275 1320 2299 eos
1343 2266 1382 2299 ad
1407 2266 1523 2305 Iesum,
1548 2269 1585 2298 ut
1609 2266 1668 2298 hac
1691 2266 1854 2299 occasione
1870 2266 1995 2298 videant
2020 2266 2118 2308 signa,
2136 2269 2167 2298 et

1203 2319 1341 2362 correpti
1365 2319 1495 2352 credant
1529 2319 1562 2351 in
1593 2328 1709 2352 eum».
1736 2319 1771 2351 Et
1794 2319 1977 2352 Ambrosius
1991 2321 2030 2351 11;
2054 2332 2069 2347 α
2084 2319 2165 2352 Misit

1203 2373 1374 2415 discipulos
1397 2373 1434 2405 ad
1459 2372 1639 2411 Christum,
1665 2375 1701 2405 ut
1732 2373 1987 2415 supplementum
2020 2372 2166 2405 scientiae

1203 2429 1429 2469 assequantur,
1455 2426 1529 2468 quia
1550 2425 1722 2468 plenitudo
1746 2426 1840 2469 Lcyis
1870 2430 1917 2459 cst
1942 2425 2111 2464 Christus,
2136 2429 2167 2458 et

1203 2480 1279 2522 quia
1301 2480 1490 2522 plerumque
1513 2483 1627 2512 nutant
1650 2479 1732 2512 dicta
1748 2480 1815 2512 sine
1831 2480 1937 2518 factis,
1955 2489 1992 2513 eo
2009 2480 2085 2512 fides
2102 2480 2166 2521 ple—

1204 2533 1274 2566 nior
1297 2537 1459 2575 gestorum
1484 2533 1756 2566 testificationibus
1772 2542 1868 2575 quam
1886 2533 2056 2566 verborum
2074 2542 2166 2575 spon-

1204 2586 1346 2619 sionibus
1374 2586 1630 2619 exhiberetur».
1666 2586 1751 2619 Unde
1784 2587 1928 2619 mittebat
1958 2596 2011 2619 eos
2043 2586 2081 2619 ad
2108 2587 2166 2619 Ve-

1204 2640 1347 2679 ritatem,
1380 2643 1416 2673 ut
1448 2640 1505 2682 ipsi
1539 2639 1792 2673 certificarentur
1829 2649 1884 2682 per
1921 2641 2100 2679 veritatem,
2136 2643 2166 2673 et

1202 2807 1301 2833 duntur
1320 2807 1359 2841 [S.
1382 2808 1486 2838 Tliom.,
1506 2806 1601 2833 Catena
1631 2814 1709 2832 aurea
1740 2807 1763 2832 in
1794 2808 1856 2832 Luc.
1875 2807 1900 2831 7.
1922 2814 1944 2831 n.
1967 2807 1981 2831 3
2003 2810 2027 2831 et
2047 2807 2082 2831 H:
2102 2813 2165 2832 con-

1202 2855 1347 2885 queruntur
1366 2851 1510 2885 dicentes]z
1530 2850 1620 2883 Rabbz',
1644 2850 1691 2885 qui
1708 2853 1768 2877 erat
1787 2853 1873 2877 lecum
1885 2861 1896 2873 n
1920 2854 1971 2876 etc.
1989 2850 2054 2877 Cod.
2073 2851 2091 2877 C
2105 2858 2164 2884 qne-

1202 2898 1305 2923 runtur
1334 2895 1466 2927 dicentes,·
1491 2896 1581 2921 Glossa
1610 2894 1752 2921 ordinaria
1780 2895 1852 2927 apud
1881 2896 2012 2927 Lyranum
2039 2898 2064 2920 et
2082 2895 2164 2920 ADG

1202 2941 1341 2974 quaerunt
1358 2939 1482 2966 dicentes.
1995 2936 2005 2951 ⁵
2025 2939 2099 2963 vers.
2124 2938 2164 2963 15.

1272 2982 1284 2997 ⁹
1305 2984 1430 3016 Vulgata:
1450 2983 1486 3010 Et
1503 2983 1659 3010 convocavit
1685 2982 1753 3009 duos
1781 2982 1812 3009 de
1838 2982 1977 3017 discipulis
1997 2986 2055 3013 etc„
2075 2983 2165 3014 plures

1202 3028 1279 3054 codd.
1300 3027 1383 3054 verbo
1402 3027 1475 3054 misit
1494 3028 1595 3053 addunt
1613 3034 1665 3054 eos.

1273 3071 1296 3087 ¹⁰
1315 3073 1390 3098 Vers.
1411 3072 1434 3105 4,
1453 3075 1512 3104 post
1541 3079 1621 3104 quem
1650 3072 1770 3105 sequitur
1793 3073 1881 3098 Glossa
1902 3071 2045 3098 ordz'iwria
2065 3072 2165 3104 (secun-

1202 3118 1267 3144 dum
1286 3117 1441 3150 Bedam)·in
1461 3118 1523 3143 Luc.
1543 3116 1574 3149 7,
1595 3117 1641 3147 ⁴8,
1661 3116 1706 3142 ubi
1726 3123 1774 3148 pro
1793 3115 1912 3150 correpti
1929 3119 2013 3142 textus
2032 3116 2164 3148 originalis

1202 3165 1227 3187 et
1245 3162 1266 3187 H
1286 3161 1408 3188 correcti.

1274 3204 1294 3220 ¹¹
1315 3205 1385 3232 Libr.
1408 3205 1439 3230 V.
1458 3205 1484 3230 in
1503 3205 1566 3230 Luc.
1585 3212 1613 3230 n.
1627 3204 1668 3230 95.
1683 3205 1812 3231 Sententia
1832 3204 1964 3231 Ambrosii
1984 3205 2109 3237 allegatur
2127 3211 2164 3230 se-

1154 3256 1157 3258 *
1202 3251 1318 3276 cundum
1339 3250 1457 3275 Glossam
1483 3248 1654 3275 ordinariam
1679 3249 1705 3275 in
1725 3250 1785 3275 Luc.
1805 3249 1837 3280 7,
1866 3250 1904 3275 18.
1926 3249 1998 3281 apud
2017 3250 2161 3280 Lyranum.

1202 3301 1272 3328 quae
1291 3298 1379 3320 tamen
1398 3300 1458 3319 cuin
1479 3296 1548 3319 textu
1569 3293 1688 3325 originali
1708 3300 1757 3325 pro
1776 3295 1801 3320 et
1819 3293 1883 3327 quia
1903 3293 2037 3319 substituit
2056 3294 2087 3319 ut
2099 3292 2162 3326 quia

1201 3342 1227 3364 et
1245 3341 1334 3364 contra
1355 3341 1452 3363 textum
1472 3337 1626 3369 originalem
1648 3338 1721 3369 ponit
1739 3336 1872 3363 *nutabant
1893 3337 1938 3369 (ita
1958 3341 1983 3362 et
2001 3337 2032 3369 G)
2047 3344 2095 3368 pro
2116 3344 2162 3362 mt-

1201 3384 1273 3413 tant,
1295 3388 1325 3408 eo
1343 3381 1408 3415 fides
1428 3388 1476 3413 pro
1495 3383 1520 3407 el
1538 3381 1617 3415 fides,
1640 3380 1811 3407 emhiberetnr
1832 3388 1880 3412 pro
1899 3380 2049 3407 eoehibetnr.
