2476 3921
730 228 926 261 COMMENT.
953 227 989 260 lN
1015 226 1256 259 EVANGELIUM
1280 227 1397 259 LUCAE
1422 226 1454 258 C.
1480 227 1541 259 XV.

137 322 230 356 Marci
254 322 372 364 primo,
394 320 480 363 quod
510 322 578 353 erat
603 331 619 347 α
640 319 769 351 Ioannes
793 316 977 359 praedicans
1001 315 1102 358 bapti-

137 385 240 410 smum
265 374 475 418 poenitentiae
498 373 530 406 in
547 371 765 405 remissionem
788 373 990 413 peccatorum
1004 382 1019 398 n
1040 372 1100 402 etc.

14 443 116 469 secunda.
136 448 180 454 —
196 428 354 467 Secundo,
378 426 454 470 quia
477 435 534 469 per
557 424 781 468 poenitentiam
806 426 1028 465 recuperatur
1049 421 1101 454 iu-

135 482 229 515 stitia
238 493 250 520 ‚·
280 481 365 514 unde
396 479 595 522 Apocalypsis
627 477 765 511 secundo
783 478 811 509 ¹:
841 489 857 506 α
875 477 992 509 Memor
1015 479 1101 514 esto,

135 534 219 568 unde
242 534 414 573 excideris,
438 536 470 566 et
492 541 549 575 age
574 531 797 574 poenitentiam
821 533 853 564 et
879 530 982 572 prima
1005 538 1102 571 opera

136 588 183 621 sac
207 600 243 627 »;
267 591 299 620 et
323 586 527 621 Ecclesiastici
552 585 673 618 decimo
697 584 844 627 septimo:
874 596 890 612 α
914 582 1102 616 Poenitenti-

136 642 196 674 bus
226 641 313 674 dedit
347 641 431 673 Deus
462 639 545 672 viam
574 638 712 671 iustitiae
742 641 774 670 et
804 636 1003 670 confirmavit
1026 635 1102 669 defi-

40 708 118 731 rerua.
136 695 253 728 cientes
269 708 299 726 ».
317 713 361 718 -
377 693 497 732 Tertio,
512 692 597 735 >quia
619 700 676 734 per
700 690 923 734 poenitentiam
948 688 1106 732 confutas

136 752 193 780 tur
215 745 613 788 claemonum-saperbia,·
647 744 832 778 Psalmus2:
862 757 878 772 «ι
900 743 1054 776 Discedite
1084 751 1103 775 a

135 853 256 887 audivit
279 853 431 886 Dominus
448 861 556 885 vocem
580 852 675 885 fletus
690 851 751 884 mei
769 863 804 890 »;
828 854 860 884 et
884 854 968 892 post:
991 863 1006 878 α
1025 849 1103 882 Eru-

136 907 264 940 bescant
294 909 326 939 et
349 905 581 939 conturbentur
613 905 816 937 vehementer
848 912 959 936 omnes
986 903 1102 936 inimici

136 960 197 993 mei
214 973 230 989 »
259 962 318 993 etc.
343 960 431 992 Tunc
455 959 538 992 enim
562 958 731 992 daemones
754 957 949 991 erubescunt
975 956 1014 989 de
1045 965 1103 989 sua

135 1013 345 1055 impudentia,
369 1012 496 1055 quando
524 1015 669 1054 peccator
701 1020 758 1054 per
781 1010 1003 1053 poenitentiam
1028 1018 1103 1043 eru-

136 1067 235 1100 bescit
256 1066 295 1100 de
318 1066 429 1109 culpa;
463 1066 611 1099 Ieremiae
643 1065 805 1108 trigesimo
833 1064 955 1106 primo:
985 1077 1001 1092 «
1018 1064 1102 1096 Post-

136 1129 232 1163 quam
257 1119 439 1153 convertisti
457 1128 521 1159 me,
546 1119 595 1161 egi
619 1117 843 1160 poenitentiam
862 1130 891 1149 n.
915 1129 931 1145 α
947 1116 1103 1149 Confusus

137 1183 208 1207 sum
239 1177 272 1207 et
294 1173 426 1213 erubui,
450 1173 600 1215 quoniam
624 1171 760 1205 sustinui
796 1170 1003 1213 opprobrium
1028 1169 1102 1202 ado-

30 1240 116 1267 Quarta.
135 1227 301 1260 lescentiae
325 1235 413 1260 meae
429 1240 460 1258 ».
477 1245 521 1250 —
537 1226 672 1267 Quart0,
697 1225 772 1267 quia
799 1233 856 1266 per
879 1223 1102 1266 poenitentiam

135 1279 253 1324 efficax
281 1279 423 1325 efficitur
455 1279 660 1322 Angelorum
683 1277 856 1316 custodiet,-
880 1276 963 1310 unde
987 1277 1103 1319 Apoca-

88 1377 90 1379 .
136 1333 233 1376 lypsis
263 1333 401 1366 tertio⁸:
434 1346 450 1361 a
476 1333 538 1375 Ego
569 1341 649 1374 quos
679 1341 750 1364 amo
781 1340 882 1374 arguo
913 1334 944 1363 et
976 1330 1102 1372 castigo.

135 1388 300 1421 Aemulare
332 1396 408 1429 ergo
438 1390 469 1419 et
500 1386 723 1428 poenitentiam
754 1394 821 1427 age.
857 1385 950 1427 Ecce,
983 1388 1031 1417 sto
1063 1383 1103 1416 ad

136 1440 252 1474 ostium
277 1444 308 1473 et
331 1441 423 1482 pulso
439 1453 469 1472 ».
496 1440 556 1472 Hoc
581 1439 665 1472 enim
682 1439 818 1481 Angelus
841 1447 899 1471 nos
923 1437 1104 1471 custodiens

31 1506 117 1535 Quinta.
137 1494 210 1527 facit
225 1493 365 1526 sollicite.
379 1511 423 1516 —
439 1492 570 1534 Quinto,
595 1492 671 1535 quia
687 1501 744 1534 per
768 1491 992 1534 poenitentiam
1010 1501 1105 1533 repa-

112 1551 115 1553 ’
138 1551 239 1580 ratur
256 1547 419 1585 Ecclesia;
436 1549 566 1589 propter
583 1545 666 1589 quod
684 1545 800 1579 dicitur
816 1545 962 1578 Matthaei
980 1554 1064 1577 nono
1075 1546 1103 1576 ⁴²:

141 1614 157 1630 α
174 1601 239 1633 Νοη
264 1600 335 1634 veni
352 1608 466 1633 vocare
489 1600 603 1639 iustos,
621 1599 675 1632 sed
700 1602 880 1641 peccatores
900 1612 916 1628 »
938 1598 976 1631 ad
997 1598 1105 1640 poeni-

137 1654 276 1688 tentiam.
303 1654 379 1687 Nam
403 1654 550 1687 Christus
581 1656 672 1686 vocat
702 1653 742 1686 ad
773 1652 927 1686 unitatem
959 1652 1105 1685 ecclesia-

137 1708 265 1748 sticam,
293 1708 325 1740 in
361 1717 425 1750 qua
452 1708 488 1740 fit
522 1707 666 1741 remissio
693 1710 917 1749 peccatorum,
947 1709 978 1738 et
1009 1705 1104 1738 datur

138 1770 276 1803 superna
291 1762 402 1804 gratia,
423 1761 598 1794 secundum
611 1760 689 1793 illud
706 1760 876 1793 Ezechielis
887 1759 1008 1793 decimo
1024 1761 1106 1792 octa-

138 1823 195 1847 vo:
223 1827 240 1844 a
256 1814 286 1847 Si
310 1814 533 1857 poenitentiam
553 1814 653 1856 egerit
676 1813 793 1856 impius
809 1813 849 1846 ab
865 1813 1012 1846 omnibus
1033 1821 1104 1854 pec-

46 1880 118 1903 sexia.
138 1867 215 1900 catis
232 1867 313 1907 suis,
329 1867 394 1900 vita
411 1867 494 1911 vivet
509 1870 540 1900 et
556 1876 618 1899 non
636 1866 791 1899 morietur
804 1879 834 1898 ».
848 1884 893 1890 —
905 1866 1016 1904 Sexto,
1029 1865 1105 1907 quia

134 1914 308 1963 placatur
321 1921 376 1953 ἱνα
392 1921 527 1959 diviua,-
545 1920 749 1953 Ecclesiastici
773 1919 959 1953 duodecimo
972 1919 1000 1951 ⁵:
1023 1932 1039 1948 «
1055 1919 1105 1951 Al-

140 1974 281 2007 tissimus
304 1973 375 2007 odio
391 1974 486 2007 habet
502 1977 683 2016 peccatores
699 1977 730 2006 et
753 1973 904 2006 misertus
927 1975 975 2005 est
998 1972 1104 2014 poeni-

140 2027 279 2060 tentibus
295 2039 331 2066 »ς
348 2031 380 2060 et
402 2027 550 2060 Ieremiae
566 2026 687 2060 decimo
710 2029 836 2060 octavo:
859 2040 875 2055 «
888 2027 917 2059 Si
942 2026 1104 2068 poeniten-

138 2080 214 2113 tiam
230 2080 331 2123 egerit
354 2089 431 2123 gens
446 2080 505 2113 ista
526 2089 544 2112 a
562 2080 646 2112 malo
662 2088 735 2119 suo,
756 2089 846 2121 agam
870 2083 902 2112 et
922 2089 979 2122 ego
996 2079 1105 2121 poeni-

139 2133 269 2166 tentiam
293 2142 390 2176 super
413 2133 510 2172 malo,
535 2132 620 2175 quod
645 2132 794 2175 cogitavi,
819 2135 855 2165 ut
878 2132 1015 2165 facerem
1031 2132 1102 2165 ei».

16 2200 119 2228 Septima.
140 2205 184 2211 -
200 2187 352 2229 Septimo,
377 2187 452 2230 quia
475 2195 533 2229 per
556 2185 780 2228 poenitentiam
804 2186 1033 2228 reinteyratur
1057 2185 1104 2218 Ie-

140 2240 472 2283 rusalemeuperna.
505 2240 592 2273 Unde
623 2239 769 2272 Matthaei
797 2239 952 2281 quarto⁶:
982 2251 998 2267 «
1018 2238 1105 2280 Agite

140 2293 382 2336 poenitentiam,
417 2292 696 2336 appropinquabit·
718 2292 802 2325 enim
838 2300 972 2334 regnum
1005 2291 1106 2324 caelo-

141 2356 215 2380 rum
230 2345 273 2380 ».‘
288 2347 325 2380 Et
347 2350 516 2389 propterea
536 2346 621 2379 cives
644 2346 794 2379 caelestes
817 2345 999 2384 exsultant,
1024 2344 1106 2377 sicut

141 2401 258 2434 (licitur
282 2400 354 2434 hic:
383 2400 558 2433 Gaudium
588 2403 635 2432 est
659 2398 796 2442 Auqelis
821 2398 880 2431 Dei
906 2407 1009 2440 super
1039 2406 1106 2430 uno

139 2458 310 2496 peccatore
331 2454 568 2497 poenitentiam
596 2457 719 2496 agente.
745 2452 858 2485 Vident
882 2451 981 2490 enim,
1006 2460 1107 2493 quan-

143 2507 343 2541 tae=virtutis
366 2507 406 2540 sit
429 2507 633 2549 poenitentia,
658 2515 740 2548 quae
763 2514 826 2538 non
849 2505 952 2538 solum
976 2513 1107 2547 recupe-

144 2564 194 2593 rat
216 2560 352 2603 perdita,
377 2560 431 2594 sed
455 2560 549 2593 etiam
580 2559 680 2592 multo
708 2559 802 2601 plura
825 2558 975 2601 impetrat
1001 2567 1020 2591 a
1043 2558 1107 2600 pie-

144 2617 207 2647 tate
230 2613 352 2653 divina;
377 2613 461 2647 unde
477 2613 530 2646 lob
553 2612 706 2646 ultimo⁷:
729 2625 745 2641 α
761 2612 939 2645 Conversus
956 2612 1108 2644 Dominus

143 2667 183 2700 ad
206 2666 427 2709 poenitentiam
456 2666 518 2699 lob.
547 2665 669 2699 Addidit
696 2665 848 2698 Dominus
879 2665 998 2704 omnia,
1027 2674 1108 2707 quae

144 2720 271 2754 fuerant
294 2720 361 2760 Iob,
385 2719 569 2767 duplicia».

219 2953 227 2968 ¹
249 2955 324 2980 Vers.
342 2955 373 2985 5,
392 2959 452 2986 post
469 2961 550 2988 quem
569 2954 646 2981 Eccli.
667 2949 708 2987 fl7'‚
728 2955 770 2980 20.

173 2992 174 2995 ’
218 2996 229 3012 ’
248 2999 342 3024 Psalm.
362 2999 393 3029 6,
413 2998 439 3023 9.
457 3002 483 3024 et
503 2999 546 3024 ⁴1.
572 2999 631 3031 (pro
655 2998 850 3025 conturbentur
868 2998 979 3025 CDFG
999 2998 1110 3032 confun-

146 3043 272 3075 dantur),
291 3042 389 3076 quibus
407 3042 576 3074 subiungitur
594 3043 642 3069 ler.
661 3044 707 3076 31,
729 3044 770 3070 19.

219 3086 230 3102 ⁸
249 3088 326 3114 Vers.
346 3088 386 3113 ⁴9.
405 3090 432 3113 et
450 3088 492 3113 20.
511 3086 562 3113 cfr.
581 3088 610 3113 ll.
629 3088 698 3113 Sent.
717 3088 744 3114 d.
765 3088 806 3113 ·ΙΙ.
822 3095 846 3114 a.
866 3088 891 3113 2.
910 3095 935 3120 q.
957 3088 980 3112 l.
1000 3094 1056 3120 seq.

219 3131 231 3147 ⁴
250 3133 324 3159 Vers.
346 3133 387 3158 ⁴3.
406 3146 442 3151 —
461 3131 584 3164 Sequitur
603 3132 693 3158 Ezech.
715 3133 762 3165 ⁴8,
782 3133 824 3158 2‘1.

219 3175 231 3191 ³
250 3178 324 3203 Vers.
345 3178 369 3203 3.
389 3180 415 3203 et
433 3176 492 3203 dein
512 3177 559 3202 ler.
580 3176 627 3208 ⁴8,
647 3176 677 3208 8,
697 3176 721 3202 in
740 3177 817 3203 cuius
835 3177 887 3203 ssne
906 3176 925 3203 C
938 3177 1017 3202 DFG
1042 3176 1109 3211 sace·

147 3228 208 3248 rem
220 3221 257 3248 eis
272 3221 466 3255 (Septuagintm
479 3220 665 3252 poenitentiam
685 3220 719 3246 de
732 3221 821 3254 malki,
841 3228 910 3254 quae
929 3221 1108 3253 cogitaveram

150 3267 235 3291 facere
250 3265 309 3298 eis).

221 3306 232 3322 ⁶
252 3309 328 3335 Vers.
348 3309 391 3335 ⁴7.
408 3308 462 3335 Csr.
480 3315 560 3341 supra
579 3315 641 3341 pag.
661 3308 727 3339 382,
746 3310 806 3334 nota
825 3308 850 3334 7.

222 3350 232 3367 ⁷
252 3353 328 3379 Vers.
348 3353 394 3384 to,
413 3353 459 3379 ubi
478 3360 527 3385 pro
548 3352 592 3380 Iob
611 3352 671 3378 Vnt.
691 3354 836 3386 recuperat
852 3352 966 3386 perdita.

223 3395 234 3411 ⁰
255 3399 327 3424 vers.
347 3398 419 3424 8-10.
437 3401 462 3425 et
480 3398 575 3425 deinde
595 3405 621 3424 v.
641 3398 683 3423 ll.

2065 227 2128 260 389

1255 317 1308 348 ΞΟ.
1334 315 1370 347 Ει
1386 316 1444 348 hac
1468 315 1506 348 de
1523 324 1618 348 causa
1641 324 1764 354 omnes,
1781 316 1836 358 qui
1853 316 1986 358 diligunt
2010 316 2126 355 Deum,
2145 323 2294 345 corollarium.

1166 368 1222 410 qui
1245 368 1380 410 diligunt
1403 368 1521 401 bonum
1546 372 1577 401 et
1600 369 1654 411 qui
1681 369 1796 402 habent
1820 369 1944 411 pietatis
1967 370 2129 408 affectum,

1167 430 1240 454 cum
1264 421 1387 464 Angelis
1409 422 1572 454 exsultare
1588 422 1703 455 debent
1725 422 1764 455 de
1788 423 1991 456 conversione
2010 427 2040 455 et
2058 431 2131 464 poe-

1167 475 1298 508 nitentia
1321 479 1533 517 peccatorum.
1551 475 1637 508 Unde
1661 476 1825 517 Apostolus
1841 476 1996 509 secundae
2019 476 2058 508 ad
2074 476 2132 508 Co-

1167 527 1303 560 rinthios
1326 527 1502 570 septimo⁸z
1533 541 1548 556 «
1566 528 1627 560 Etsi
1652 528 1689 560 ad
1720 529 1829 560 horam
1854 538 1909 561 vos
1933 529 2130 567 contristavi,

1167 589 1252 613 nunc
1276 580 1411 623 gaudeo,
1443 590 1505 613 non
1533 581 1608 623 quia
1639 581 1813 614 contristati
1846 582 1937 620 estis,
1970 582 2025 615 sed
2055 582 2130 624 quia

1167 634 1343 667 contristati
1378 634 1453 667 estis
1487 634 1526 667 ad
1562 634 1795 676 poenitentiam.
1829 635 2009 668 Contristati
2046 636 2129 668 enim

1167 688 1243 721 estis
1266 687 1441 721 secundum
1466 688 1584 727 Deum,
1610 691 1646 720 ut
1669 688 1700 720 in
1725 688 1812 720 nullo
1836 688 2060 721 detrimentum
2075 698 2131 730 pa-

1168 741 1298 773 tiamini.
1324 742 1409 783 Quae
1426 741 1508 774 enim
1526 741 1699 774 secundum
1724 741 1824 774 Deum
1841 745 1888 774 est
1908 742 2033 774 tristitia
2058 750 2132 783 poe-

1168 795 1330 828 nitentiam
1362 795 1393 827 in
1422 795 1554 828 salutem
1587 794 1729 828 stabilem
1758 798 1909 836 operatur
1930 808 1961 826 n.
1996 795 2030 827 Et
2063 799 2132 836 post

1168 848 1291 881 subdit:
1322 862 1338 877 <r
1354 848 1513 890 Operatur
1536 849 1619 881 enim
1637 848 1667 881 in
1692 848 1781 881 vobis
1797 848 2058 887 sollicitudinem;
2076 848 2131 881 sed

1167 902 1395 941 defensionem,
1428 901 1483 935 sed
1514 902 1777 944 indignationem,
1803 902 1857 935 sed
1889 902 2051 941 timorem,
2077 902 2131 935 sed

1167 955 1377 994 desiderium,
1402 955 1454 988 sed
1479 955 1738 994 aemulationem,
1763 955 1817 988 sed
1853 955 2021 988 vindictam
2040 969 2069 987 n.
2097 956 2132 999 Et

1167 1017 1209 1041 ex
1234 1009 1282 1041 his
1305 1008 1430 1042 debitus
1455 1009 1556 1041 honor
1580 1008 1723 1041 redditur
1747 1008 1870 1041 divinae
1896 1009 2064 1048 maiestati,
2082 1018 2132 1042 re-

1168 1065 1300 1104 paratur
1335 1071 1489 1095 numerus
1524 1062 1682 1101 caelestis,
1715 1066 1746 1095 et
1781 1066 1991 1104 recuperatur
2027 1063 2132 1096 unitas

1167 1116 1394 1149 ecclesiasticae
1419 1116 1512 1158 pacis.
1539 1116 1574 1148 Et
1598 1115 1667 1149 ideo
1691 1116 1721 1148 in
1747 1116 1951 1149 conversione
1968 1120 1999 1149 et
2023 1117 2130 1158 poeni-

1167 1169 1265 1202 tentia
1296 1169 1392 1202 unius
1423 1169 1597 1211 peccatoris
1632 1169 1745 1202 merito
1776 1170 1915 1203 exsultat
1951 1170 2130 1203 hierarchia

1168 1222 1423 1264 supercaelestis,
1447 1223 1589 1256 caelestis
1613 1226 1644 1256 et
1668 1223 1871 1256 subcaelestis
1884 1223 1905 1255 ⁹.

1456 1311 1582 1338 Parabola
1602 1311 1631 1338 de
1650 1311 1703 1338 filio
1722 1311 1837 1347 prodigo.

1259 1384 1311 1415 21.
1342 1383 1399 1415 Ait
1427 1387 1558 1416 autem:
1588 1383 1692 1415 Homo
1724 1383 1864 1426 quidam
1896 1382 2013 1416 habuit
2047 1383 2131 1416 duos

1168 1435 1264 1478 filios.
1290 1436 1362 1469 Post
1390 1436 1572 1478 parabolam
1601 1436 1640 1468 de
1665 1439 1789 1478 pastore
1821 1440 1852 1469 et
1875 1436 1987 1469 ovibus
2011 1437 2077 1469 suis
2101 1441 2132 1469 et

1169 1489 1208 1522 de
1232 1490 1365 1523 muliere
1389 1494 1421 1523 et
1443 1490 1604 1523 drachmis
1628 1490 1776 1523 subditur
1800 1490 1851 1523 hic
1883 1491 1976 1523 tertio
1991 1491 2016 1509 ¹⁰
2041 1500 2132 1532 para-

1169 1543 1241 1576 bola
1263 1544 1302 1576 de
1322 1548 1421 1585 patre
1444 1548 1472 1576 et
1495 1543 1595 1586 filiis,
1620 1547 1656 1576 ut
1679 1544 1734 1583 sic,
1759 1553 1832 1577 cum
1856 1544 1995 1576 maxima
2012 1545 2051 1577 sit
2068 1545 2133 1586 pie-

1170 1601 1217 1631 tas
1241 1598 1341 1639 patris
1365 1597 1404 1630 ad
1439 1607 1533 1630 suum
1566 1597 1685 1636 filium,
1710 1598 1849 1630 maxima
1873 1597 2057 1630 ostendatur
2081 1598 2132 1630 hic

1144 1661 1148 1664 ·
1170 1652 1269 1694 pietas
1292 1651 1346 1684 Dei
1371 1651 1410 1683 ad
1442 1654 1639 1693 peccatorem
1671 1660 1880 1690 conversum,
1905 1651 1959 1693 qui
1989 1651 2134 1693 intelligi-

1170 1708 1223 1738 tur
1248 1713 1305 1746 per
1328 1703 1437 1746 filium
1458 1704 1651 1746 prodiqum.
1678 1704 1714 1736 Et
1736 1704 1884 1746 quoniam
1919 1704 2134 1736 misericordia

1170 1757 1269 1800 patris
1292 1757 1323 1790 in
1357 1758 1416 1790 hoc
1451 1757 1645 1796 ostenditur,
1670 1757 1755 1799 quod
1787 1757 1938 1789 relevavit
1973 1756 2133 1789 iniseriam

1169 1810 1225 1842 filii
1251 1810 1340 1852 prius
1363 1810 1522 1852 peccantis
1545 1813 1576 1842 et
1607 1809 1806 1852 postmodum
1832 1810 2037 1851 poenitentis;
2062 1809 2131 1841 ideo

1170 1863 1202 1895 in
1226 1863 1285 1896 hac
1308 1863 1458 1905 parabola
1481 1866 1619 1905 quatuor
1635 1862 1785 1895 describit
1801 1863 2004 1905 Evangelista.
2027 1863 2132 1894 Primo
2154 1864 2243 1885 Divisio-

1170 1926 1307 1959 namque
1329 1916 1480 1949 describit
1504 1916 1559 1948 filii
1584 1916 1705 1958 prodigi
1730 1915 1959 1954 insolentiam;
1983 1915 2131 1953 secunde,

1169 1970 1345 2003 miseriam
1367 1974 1397 2002 et
1421 1969 1658 2012 indigentiam,
1676 1969 1717 2002 ibi
1734 1970 1777 2001 ¹¹:
1796 1970 1837 2001 Et
1852 1974 2030 2013 postquam
2054 1978 2131 2001 con-

1168 2028 1370 2057 summasset
1382 2023 1516 2061 omnia;
1533 2023 1636 2061 tertio,
1653 2022 1792 2055 eiusdem
1806 2023 2051 2064 poenitentiam,
2069 2023 2130 2055 ibi:

1170 2079 1244 2121 Ipse
1267 2082 1379 2110 autem
1403 2077 1439 2109 in
1462 2086 1496 2109 se
1518 2086 1688 2115 reuersa&
1713 2077 1798 2109 (lixit
1822 2080 1898 2115 etc.;
1923 2080 2054 2119 quarto,
2068 2086 2132 2119 pa-

1171 2132 1234 2164 tris
1257 2131 1542 2169 misericordiam,
1568 2130 1627 2163 ibi:
1656 2130 1740 2163 Cum
1770 2135 1879 2163 autem
1905 2129 2016 2163 adhue
2040 2130 2132 2173 lonye

1169 2190 1258 2218 esset.
1284 2186 1321 2218 Et
1356 2185 1416 2218 hoc
1451 2185 1578 2227 quidem
1613 2184 1686 2217 facit
1721 2184 1895 2217 rectissimo
1926 2193 2077 2226 processu
2101 2188 2133 2216 et

1169 2230 1290 2271 ordine.
1315 2239 1391 2270 Nam
1415 2237 1592 2270 insolentia
1623 2238 1840 2280 praecipitavit
1863 2238 1895 2270 in
1919 2238 2076 2270 miseriam
2101 2241 2133 2270 et

1169 2291 1201 2324 in
1226 2291 1447 2333 indigentiam3
1473 2291 1657 2333 indigentia
1688 2294 1793 2324 autem
1822 2291 1973 2323 excitavit
1995 2290 2034 2323 ad
2058 2299 2132 2333 poe-

1169 2344 1347 2390 nitentiam,
1365 2347 1396 2376 et
1408 2344 1609 2386 poenitentia
1632 2344 1832 2386 praeparavit
1854 2343 1893 2376 ad
1916 2344 2015 2386 patris
2039 2344 2133 2376 mise-

1171 2397 1339 2430 ricordiam
1364 2397 1576 2430 obtinendam.

1260 2451 1350 2483 Circa
1361 2450 1425 2493 filii
1436 2450 1575 2493 prodiqz·
1590 2449 1798 2483 insolentiam
1815 2450 2053 2492 exprimendam
2071 2450 2132 2482 tria
2145 2449 2297 2503 ’ξῗίξῡξξὲῇῆξξ

1172 2504 1420 2537 introducuntur
1444 2504 1484 2537 ab
1508 2503 1719 2546 Evangelista‚
1737 2503 1854 2536 scilicet
1870 2503 2012 2536 conditio
2037 2502 2132 2535 liber·
2192 2503 2251 2523 ¹⁶³«
2268 2498 2277 2502 ‘

1173 2557 1252 2590 tatis
1275 2556 1459 2596 humanae,
1488 2557 1692 2600 perpetratio
1723 2556 1934 2589 voluntariae
1963 2556 2079 2598 culpae
2103 2559 2133 2588 et

1173 2611 1349 2654 dissipatio
1374 2611 1451 2643 boni
1464 2612 1489 2630 ¹²
1512 2610 1645 2654 qratiae
1668 2614 1697 2642 et
1719 2614 1873 2642 naturae.

1262 2666 1315 2697 22.
1345 2664 1445 2705 (Vers.
1476 2664 1550 2703 11.).
1576 2663 1678 2696 Primo
1703 2663 1798 2706 igitur
1823 2666 1977 2705 quantum
1995 2663 2033 2695 ad
2057 2672 2132 2695 eon-
2151 2662 2255 2684 Primum-

1174 2717 1328 2756 ditionem
1347 2717 1506 2750 libertatis
1523 2715 1691 2750 ltu-manae
1707 2717 1794 2750 dicit:
1811 2716 1866 2749 Ait
1883 2721 2009 2749 aulem:
2027 2717 2131 2749 Homo

1244 2951 1255 2967 ¹²
1274 2953 1312 2979 De
1331 2954 1380 2979 hac
1399 2952 1528 2978 divisione
1557 2951 1717 2977 hierarchiae
1742 2952 1789 2976 cfr.
1807 2951 1855 2976 loci
1885 2957 1965 2982 supra
1984 2957 2045 2981 pag.
2067 2950 2133 2980 356,

1173 3000 1233 3023 nota
1253 2997 1279 3029 9.
1297 2997 1411 3029 allegati.
1430 3010 1464 3014 —
1484 2996 1611 3028 Superius
1630 3002 1678 3027 pro
1697 2996 1846 3028 reparatur
1867 2994 1926 3019 Vat.
1945 2993 2082 3027 impletur.

1245 3039 1268 3055 ¹⁰
1286 3040 1337 3067 Cfr.
1356 3047 1436 3073 supra
1455 3048 1480 3066 n.
1501 3040 1525 3065 6.
1544 3053 1581 3058 -
1598 3040 1706 3065 lnrerius
1731 3046 1779 3071 pro
1800 3040 1831 3064 ut
1853 3038 1918 3064 sic...
1937 3036 2095 3064 ostendatur
2114 3037 2133 3063 C

1172 3088 1197 3113 et
1215 3085 1282 3112 sic...
1300 3085 1450 3112 ostenditur
1471 3085 1515 3118 (ita
1535 3084 1613 3110 etiam
1633 3084 1655 3109 D
1673 3083 1810 3115 primitus,
1830 3083 1878 3109 sed
1902 3083 2019 3108 secunda
2040 3089 2133 3108 manus

1173 3130 1307 3156 substituit
1325 3132 1352 3157 et
1367 3130 1437 3156 sicut
1455 3128 1580 3160 maxima
1599 3130 1638 3155 est
1654 3127 1741 3162 pietas
1760 3127 1788 3154 in
1807 3134 1889 3154 ouum
1908 3127 2004 3162 filium,
2025 3126 2061 3153 ita
2075 3133 2134 3152 ma-

1172 3173 1251 3200 aei'ma
1269 3166 1441 3205 ostendunit),
1454 3176 1480 3199 et
1493 3179 1542 3205 pro
1560 3171 1597 3198 ad
1610 3173 1780 3205 peccatorem
1800 3171 1859 3196 Vat.
1877 3172 1943 3203 erqo
1953 3171 2131 3203 peccatorem.

1245 3217 1266 3232 ¹¹
1287 3218 1362 3243 Vers.
1382 3217 1430 3249 Νη
1450 3217 1554 3243 tertium
1575 3216 1685 3242 hebetur
1699 3223 1724 3241 v.
1739 3215 1786 3246 ⁴7,
1801 3215 1847 3241 ubi
1861 3215 1918 3241 Vat.
1932 3222 1993 3240 cum
2008 3214 2132 3245 Vulgata:

1175 3265 1205 3290 ln
1223 3270 1251 3290 se
1269 3264 1360 3289 autem
1380 3268 1504 3288 reversus
1524 3260 1595 3287 dixit
1612 3263 1671 3291 etc.;
1690 3260 1792 3286 lectioni
1813 3260 1892 3286 codd.
1910 3259 2037 3285 consentit
2055 3258 2134 3284 Card.

1174 3309 1265 3340 Hugo;
1285 3308 1329 3333 csr.
1349 3307 1378 3332 B.
1397 3305 1494 3331 Albert.
1513 3309 1539 3330 et
1557 3305 1690 3336 Lyranus5
1710 3307 1834 3337 quartum
1859 3302 1970 3329 habetur
1989 3311 2015 3328 v.
2035 3303 2077 3328 20.
2097 3316 2132 3322 —

1175 3351 1302 3384 Superius
1320 3354 1379 3383 post
1394 3348 1553 3383 poenitentis·
1573 3348 1623 3375 AC
1635 3349 1713 3374 DFG
1733 3348 1854 3374 omittunt
1874 3347 1940 3374 ideo.

1247 3395 1267 3410 ¹¹
1288 3395 1352 3422 Cod.
1371 3395 1391 3420 Η
1412 3393 1554 3420 bonorum.
