2476 3921
25 1652 109 1683 Tertio„
125 1651 152 1673 de

28 1683 152 1701 ascensione

50 1705 136 1727 christi.

29 2024 154 2047 Benedictio

46 2051 134 2073 Christi.

731 174 925 207 COMMENT.
951 174 987 207 1N
1012 173 1251 206 EVANGELlUM
1278 174 1394 207 LUCAE
1419 174 1450 206 C.
1475 175 1577 207 XXlV.

168 279 184 294 (ι
200 266 262 299 Nisi
287 265 384 299 sancti
407 264 545 306 Spiritus
568 264 676 297 unctio
699 263 833 296 interius
856 262 980 301 doceat,
1005 262 1125 295 frustra

163 318 359 361 praedicator
376 317 520 351 exterius
537 317 658 350 laborat
669 329 684 345 n
698 329 705 356 ;
723 316 807 349 unde
824 315 970 348 Matthaei
987 315 1122 348 decimo:

168 386 183 401 ι(
200 373 266 405 Non
283 372 366 405 enirn
383 380 438 404 vos
462 371 551 410 estis,
568 370 623 413 qui
644 369 824 412 loquimini,
842 368 896 402 sed
918 369 1053 411 Spiritus
1071 368 1125 400 Pa-

19 433 54 456 ·rri
69 433 150 464 Jexra-
167 425 225 458 tris
249 424 362 464 vestri,
386 424 441 466 qui
467 423 608 466 loquitur
633 423 663 455 in
689 422 821 455 vobis».
845 441 889 445 ——
914 422 997 454 Licet
1020 425 1125 453 autem

3 459 152 542 ξὶἱιῐιξῗέἶὲὲῖἷ
166 478 318 511 Dominus
342 477 446 510 statim
464 476 615 519 Spiritum
633 478 775 509 sanctum
793 478 898 517 posset
917 475 992 507 dare
1003 501 1011 513 ,
1028 474 1127 507 voluit

166 535 270 564 tamen
294 530 439 570 differre,
469 533 535 562 tum
561 532 691 572 propter
722 529 925 562 desiderium
949 527 1127 569 discipulo-

165 594 244 617 rum
267 583 552 626 inflammandam
575 583 614 615 ad
638 582 824 624 petendum,
849 581 1023 614 secundum
1050 580 1126 613 illud

164 637 310 670 Matthaei
335 637 467 679 septimo
481 637 508 668 ¹:
530 649 546 664 (ι
564 636 678 675 Petite,
703 639 734 668 et
750 635 877 667 dabitur
901 634 990 667 vobis
1007 647 1037 666 ».
1064 647 1079 662 a
1097 634 1127 666 Si

164 691 248 724 enim
273 700 339 730 vos,
356 699 428 724 cum
454 690 521 727 sitis
538 689 627 729 mali,
645 689 744 722 nostis
766 688 848 721 bona
868 688 941 720 data
964 688 1039 720 dare
1056 687 1129 720 siliis

164 744 296 783 vestris,
313 746 432 786 quanto
449 740 547 785 magis
565 743 653 775 Pater
677 746 781 775 vester
798 741 940 774 caelestis
963 741 1049 773 dabit
1066 740 1128 782 spi-

165 797 263 830 ritum
287 797 404 829 bonum
421 795 601 838 petentibus
617 804 650 828 se
666 808 681 824 »
696 797 708 826 ?
733 795 769 827 Et
785 797 915 836 propter
931 793 1129 837 mysterium

164 850 386 888 servandum,
403 849 478 891 quia
494 848 757 891 quinquagesima
776 848 826 880 die
843 850 914 890 post
937 847 1128 889 passionem,

166 903 220 946 qui
244 906 291 936 est
314 911 468 935 numerus
485 902 677 935 remissionis
700 904 732 934 et
755 901 921 934 conficitur
944 909 985 933 ex
1010 903 1128 941 septem

167 955 353 998 septenariis
369 955 509 994 dierum,
527 954 729 997 superaddita
752 963 816 987 una
831 954 967 993 unitate,
988 953 1025 986 ad
1049 953 1129 986 desi-

166 1009 325 1052 gnandum
358 1008 538 1050 septiforme
562 1008 697 1050 Spiritus
728 1007 826 1040 sancti
847 1007 964 1039 donum
979 1007 1000 1038 2.
1020 1007 1055 1039 Et
1076 1015 1130 1048 po-

167 1065 286 1096 stremo
309 1065 439 1104 propter
474 1061 680 1103 exemplum;
714 1060 798 1094 unde
829 1060 980 1093 Glossass:
1018 1073 1034 1088 <r
1051 1060 1129 1092 Cum

167 1118 311 1157 repente,
344 1114 369 1147 si
395 1114 502 1153 vellet,
528 1118 631 1156 posset
655 1122 708 1146 eos
740 1113 906 1152 roborare,
931 1113 1070 1152 distulit,
1095 1115 1132 1144 ut

167 1167 350 1210 exemplum
368 1166 575 1209 sequentibus
590 1166 698 1205 daret,
716 1175 755 1199 ne
772 1165 945 1208 imperfecti
962 1169 1034 1198 ante
1052 1169 1130 1197 tem-

167 1230 228 1263 pus
251 1220 434 1263 praedicare
451 1222 733 1262 praesumerent».
753 1219 823 1252 Ideo
848 1219 1049 1252 Ecclesiastae
1067 1221 1129 1251 ter—

167 1275 254 1308 tio⁴:
285 1287 300 1303 α
325 1275 463 1317 Tempus
494 1273 615 1307 tacendi
640 1277 672 1306 et
702 1277 828 1319 tempus
860 1272 1006 1315 loquendi
1032 1285 1068 1311 »;
1101 1275 1132 1305 et

169 1327 372 1360 Ecclesiastici
404 1326 525 1359 decimo
557 1329 686 1358 octavo:
726 1339 741 1353 «ι
766 1326 939 1366 Antequam
972 1325 1131 1366 loquaris,

168 1379 253 1412 disce
266 1392 296 1411 n.
314 1379 400 1411 Unde
416 1379 623 1420 Hieronymus
635 1378 662 1410 ⁵:
686 1391 701 1406 «
714 1377 886 1415 Discimus,
907 1381 943 1409 ut
965 1380 1033 1418 post
1051 1377 1133 1409 mul-

170 1435 238 1465 tum
262 1431 420 1464 silentium
438 1431 476 1464 de
492 1431 654 1473 discipulis
669 1430 844 1464 efficiamur
866 1429 1018 1472 magistri.
1035 1429 1133 1462 Disci-

170 1485 273 1527 plinae
296 1484 380 1517 enim
404 1484 626 1526 Pythagoricae
650 1486 698 1517 est
721 1492 777 1526 per
806 1482 1058 1525 quinquennium
1087 1486 1133 1515 ta·

170 1547 257 1577 cere,
281 1541 313 1571 et
337 1540 407 1580 post
430 1537 571 1570 eruditos
596 1537 727 1579 loqui».

261 1591 312 1625 63.
339 1591 439 1632 (Vers.
459 1591 535 1632 50).
553 1590 659 1623 Tertio
675 1593 829 1633 quantum
854 1589 893 1623 ad
910 1589 1134 1622 ascensionem

173 1644 298 1679 Christi
325 1645 445 1678 subdit:
472 1644 596 1677 Eduxit
617 1648 727 1677 autem
751 1654 804 1676 eos
826 1642 925 1687 foras
948 1643 984 1676 in
1016 1642 1134 1676 Betha-

170 1698 274 1731 niam.
293 1699 355 1731 Hoc
370 1707 433 1731 non
449 1698 509 1731 fuit
525 1701 615 1736 tunc,
640 1697 694 1730 sed
710 1696 950 1740 quadragesima
973 1696 1033 1729 die.
1056 1696 1134 1729 Haec

171 1756 276 1785 autem
303 1751 451 1785 Bethania
466 1754 514 1785 est
536 1751 567 1787 in
586 1753 691 1784 monte
707 1750 834 1790 Oliveti;
860 1750 944 1783 unde
968 1759 1065 1792 supra
1075 1750 1134 1782 de-

172 1805 253 1839 cimo
275 1815 358 1838 nono
371 1805 399 1837 ⁸:
429 1818 445 1834 α
458 1805 535 1838 Cum
549 1804 832 1846 appropinquasset
848 1803 887 1836 ad
908 1803 1089 1845 Bethphage
1105 1806 1136 1835 et

172 1859 355 1892 Bethaniam
379 1859 417 1892 ad
434 1861 572 1891 montem
596 1858 708 1891 Oliveti
726 1872 756 1890 ι».
775 1858 1004 1900 Interpretatur
1028 1860 1133 1890 autem

173 1911 339 1945 Bethania
361 1912 475 1945 domus
497 1911 708 1950 obedientiae,
737 1911 812 1953 quia
842 1920 899 1953 per
927 1910 1133 1944 obedientiam

173 1965 344 1999 collocatur
368 1965 440 2008 quis
463 1965 495 1997 in
527 1968 633 1997 monte
656 1964 806 1997 Christo⁷
835 1967 866 1997 et
889 1963 1086 1996 benedicitur
1117 1972 1135 1995 a

172 2019 297 2052 Christo
311 2018 352 2051 'et
375 2017 514 2051 ascendit
538 2018 571 2050 in
588 2018 720 2051 caelum.
738 2036 782 2041 -
799 2017 834 2050 Et
858 2016 927 2049 ideo
950 2016 1071 2049 subdit:
1096 2017 1136 2049 Ec

173 2072 306 2105 elevatis
326 2071 483 2104 manibus
514 2072 603 2110 suis,
628 2070 789 2103 benedixit
812 2070 859 2103 eis
872 2082 883 2109 ;
907 2070 938 2102 in
970 2079 1034 2112 quo
1058 2070 1133 2102 insi-

173 2129 310 2165 nuatur,
334 2124 419 2167 quod
443 2124 494 2157 ille
525 2124 756 2157 benedicendus
788 2127 835 2156 est
858 2132 877 2156 a
899 2123 1043 2162 Christo,
1076 2123 1130 2165 qui

2087 177 2149 210 603

1189 262 1294 295 obedit
1317 263 1343 295 ei
1369 266 1400 296 et
1423 263 1496 296 facit
1518 272 1631 305 opera,
1656 274 1738 306 quae
1761 264 1851 304 facit,
1878 269 2006 307 propter
2041 266 2148 298 Deum.

1190 316 1284 354 Nam,
1308 316 1347 348 ad
1364 317 1526 353 ,Hebraeos
1550 321 1641 350 sexto
1654 317 1677 356 ⁸,
1709 321 1826 351 «terra
1850 328 1942 360 saepe
1975 319 2149 352 venientem

1190 378 1287 411 super
1312 378 1345 402 se
1368 370 1479 402 bibens
1496 370 1628 403 imbrem
1654 375 1685 404 et
1701 372 1864 413 proferens
1889 373 2018 405 herbam
2037 382 2151 414 oppor-

1190 427 1298 455 tunam
1323 423 1435 464 accipit
1461 423 1705 456 benedictionem
1730 434 1748 457 a
1773 426 1903 458 Domino
1921 440 1950 457 ι».

1282 476 1333 508 64.
1365 476 1465 516 (Vers.
1500 478 1575 514 51).
1610 477 1687 510 Cum
1722 479 1836 512 talibus
1867 483 1972 512 autem
2007 479 2151 512 Christus

1191 528 1348 568 ascendit,
1372 533 1403 561 et
1428 529 1496 562 ideo
1520 530 1640 562 subdit:
1667 530 1851 572 Eclectum
1875 536 1938 570 est,
1964 532 2045 564 (lum
2063 532 2152 564 bene-

1192 582 1311 614 diceret
1336 582 1419 621 iilis,
1436 583 1567 615 recessit
1584 583 1626 615 ab
1650 584 1695 615 eis
1720 588 1749 616 ec
1764 583 1935 626 serebatur
1959 585 1994 617 in
2012 585 2148 617 caelum.

1192 636 1279 668 Tunc
1305 636 1467 677 impletum
1490 640 1537 668 est
1554 637 1630 669 illud
1648 637 1758 670 Psalmi
1772 638 1801 670 ⁹:
1825 651 1839 666 α
1854 638 1996 671 Ascendit
2017 639 2100 671 Deus
2122 638 2151 670 in

1193 690 1300 728 iubilo,
1314 693 1344 722 et
1358 690 1509 722 Dominus
1522 690 1553 722 in
1566 699 1641 723 voce
1659 691 1751 724 tubae
1766 704 1799 730 »;
1818 695 1848 724 et
1865 692 1993 724 iterum:
2013 705 2028 719 α
2042 694 2153 724 Ascen-

1192 743 1270 775 dens
1294 743 1325 775 in
1357 743 1473 782 altum,
1499 744 1653 785 captivam
1685 744 1779 776 duxit
1807 745 2037 786 captivitatem,
2069 745 2154 777 dedit

1192 796 1274 828 dona
1291 796 1471 828 hominibus
1483 809 1514 828 n.
1534 815 1573 819 —
1592 797 1690 829 Huius
1706 798 1845 830 ascensio
1862 798 1920 830 suit
1942 798 2153 840 praetigurata

1193 849 1224 881 in
1250 849 1441 881 ascensione
1463 849 1643 882 nubeculae
1665 860 1809 891 parvae,
1835 851 1872 883 de
1897 860 1960 893 qua
1985 851 2066 884 tertii
2098 851 2153 883 Re—

1193 911 1267 944 gum
1285 902 1406 934 decimo
1430 905 1539 935 octavo
1553 903 1596 934 ¹⁰:
1620 916 1635 931 «
1652 903 1745 942 Ecce,
1771 905 1927 937 nubecula
1951 913 2047 946 parva
2065 904 2152 946 quasi

1194 955 1360 997 vestigium
1393 955 1528 988 hominis
1559 956 1745 989 ascendebat
1765 971 1781 986 a>
1811 961 1884 996 etc,
1911 958 1940 990 in
1966 957 2155 989 ascensione

1196 1008 1307 1046 Eliae,·
1331 1009 1437 1050 quarti
1463 1009 1580 1050 Regum
1606 1009 1757 1042 secundo:
1789 1023 1802 1038 a
1828 1010 1971 1043 Ascendit
1996 1010 2075 1043 Elias
2099 1019 2154 1051 per

1195 1061 1354 1094 turbinem
1379 1062 1410 1093 in
1427 1062 1548 1094 caelum
1566 1074 1600 1101 »;
1618 1066 1649 1094 et
1673 1071 1729 1104 per
1750 1072 1921 1095 ascensum
1946 1063 2045 1101 solis;
2070 1063 2152 1095 unde

1197 1114 1339 1147 Habacuc
1356 1114 1466 1152 tertio,
1484 1115 1656 1148 secundum
1674 1116 1765 1147 aliam
1783 1117 2032 1148 translationem:
2055 1129 2069 1144 α
2090 1116 2154 1148 Ele-

1196 1171 1288 1200 vatus
1304 1171 1351 1200 est
1367 1167 1428 1206 sol,
1445 1171 1475 1200 et
1493 1168 1567 1200 luna
1583 1168 1668 1201 stetit
1685 1169 1715 1200 in
1744 1169 1854 1202 ordine
1870 1179 1927 1202 suo
1944 1184 1973 1201 n.
1990 1188 2034 1193 —
2047 1170 2081 1201 Et
2098 1179 2153 1211 per

1197 1221 1273 1259 hoc,
1298 1221 1382 1262 quod
1407 1220 1551 1254 Christus
1574 1221 1713 1254 ascendit
1735 1222 1774 1254 ad
1795 1223 1955 1261 caelestia,
1981 1223 2039 1255 suit
2066 1222 2155 1255 Chri—

1196 1274 1235 1307 sti
1260 1274 1395 1307 Ecclesia
1418 1274 1561 1307 ordinata
1578 1275 1608 1307 in
1630 1275 1696 1308 suis
1720 1275 1883 1317 gradibus;
1902 1276 1985 1308 unde
2001 1276 2038 1308 ad
2057 1276 2155 1318 Ephe-

1197 1327 1259 1359 sios
1283 1331 1398 1368 quarto
1412 1328 1456 1358 ¹¹:
1487 1340 1502 1355 a
1519 1328 1577 1368 Qui
1595 1328 1768 1366 descendit,
1787 1329 1852 1369 ipse
1868 1332 1915 1361 est
1932 1333 1962 1361 et
1978 1330 2031 1370 qui
2049 1338 2156 1361 ascen-

1196 1379 1259 1418 dit,
1296 1383 1331 1411 ut
1363 1379 1510 1420 impleret
1540 1380 1644 1412 omnia
1667 1393 1698 1411 ».
1731 1380 1826 1412 Aliter
1857 1384 1961 1413 autem
1995 1381 2155 1414 ferebatur

1197 1431 1360 1471 Christus,
1384 1432 1474 1465 aliter
1499 1432 1588 1465 Elias.
1615 1433 1690 1465 Nam
1717 1433 1796 1466 Elias
1820 1434 1937 1466 virtute
1969 1434 2155 1476 Angelorum

1198 1488 1229 1517 et
1253 1494 1370 1518 currus
1402 1485 1483 1527 ignei
1498 1486 1534 1524 ¹²,
1568 1485 1712 1518 Christus
1735 1490 1841 1519 autem
1866 1487 1982 1519 virtute
2015 1488 2155 1529 propria,

1198 1538 1355 1571 serviente
1379 1541 1526 1571 creatura
1550 1542 1611 1571 tam
1637 1539 1791 1581 spirituali
1817 1548 1911 1581 quam
1937 1540 2101 1581 corporali.
2122 1540 2155 1572 Et

1198 1591 1267 1624 ideo
1284 1591 1315 1623 in
1333 1591 1454 1624 Psalmo
1469 1591 1509 1623 ¹³:
1539 1605 1554 1620 «ι
1571 1592 1629 1633 Qui
1648 1592 1788 1625 ascendit
1803 1602 1898 1634 super
1916 1602 2079 1632 occasum,
2097 1593 2156 1625 Do-

1199 1645 1305 1678 minus
1339 1653 1453 1677 nomen
1489 1644 1590 1684 illi1›;
1625 1649 1656 1678 et
1687 1646 1782 1679 Isaiae
1813 1646 2007 1689 sexagesimo
2044 1647 2155 1680 tertio:

1204 1712 1220 1727 α
1236 1699 1312 1740 Quis
1336 1701 1384 1731 est
1407 1698 1466 1731 iste
1490 1699 1545 1741 qui
1573 1700 1658 1732 venit
1681 1699 1719 1732 de
1743 1700 1856 1739 Edom,
1881 1700 1986 1733 tinctis
2017 1700 2157 1733 vestibus

1198 1751 1236 1784 de
1260 1752 1373 1790 Bosra‚
1406 1751 1464 1784 iste
1494 1751 1652 1785 formosus
1683 1753 1713 1785 in
1746 1753 1825 1786 stola
1848 1762 1922 1792 sua,
1955 1753 2100 1796 gradiens
2124 1753 2154 1786 in

1198 1804 1401 1837 multitudine
1425 1804 1618 1837 fortitudinis
1641 1814 1716 1839 suae
1733 1810 1774 1839 »7

1289 1858 1340 1889 65.
1367 1857 1467 1898 (Vers.
1487 1857 1563 1894 52).
1589 1858 1707 1899 Quarto
1724 1863 1877 1902 quantum
1894 1860 1932 1893 ad
1957 1860 2154 1893 devotionem

1199 1910 1444 1953 discipulorum
1476 1910 1602 1943 subdit:
1636 1912 1675 1943 Et
1706 1912 1772 1954 ipsi
1803 1913 1982 1946 adorantes
2013 1914 2157 1956 reyressi

1198 1967 1276 1996 sunt
1301 1963 1336 1996 in
1360 1963 1541 1996 Jerusalem
1565 1972 1641 1995 eum
1662 1965 1790 2006 qaudio
1814 1975 1945 2008 mayno.
1966 1966 2048 1999 Cum
2070 1976 2156 2009 yan-

1199 2017 1254 2049 dio
1271 2019 1477 2049 revertuntur
1501 2019 1630 2058 propter
1648 2016 1808 2050 victoriam
1833 2019 1973 2057 Domini,
1999 2028 2092 2061 quem
2113 2019 2156 2051 vi—

1198 2070 1314 2103 debant
1331 2072 1509 2112 penetrasse
1534 2078 1682 2111 suprema
1698 2070 1874 2110 caelorum;
1891 2071 1974 2104 unde
1991 2072 2097 2105 Glossa
2112 2073 2154 2104 ¹⁴²:

1206 2137 1221 2152 «
1236 2123 1316 2165 Quia
1333 2123 1500 2156 Dominum
1525 2131 1617 2155 suum
1643 2126 1713 2164 post
1730 2124 1927 2167 triumphum
1951 2126 2156 2158 resurrectio-

1200 2317 1250 2342 loci
1269 2320 1329 2342 sunt
1349 2318 1390 2343 lV.
1409 2318 1474 2348 Reg.
1495 2317 1524 2346 2,
1546 2316 1586 2340 11.
1607 2318 1632 2340 et
1651 2314 1749 2341 Habac.
1772 2316 1801 2346 3,
1824 2317 1863 2341 ll.
1884 2316 1945 2350 [sec.
1967 2318 2156 2343 translationem

247 2316 256 2331 ¹
278 2317 353 2342 vers.
371 2316 397 2342 7.
416 2319 442 2342 et
460 2316 509 2347 143
529 2317 576 2341 cfr.
595 2323 674 2348 supra
697 2316 743 2346 tt,
763 2316 787 2341 9.
810 2316 855 2346 13,
874 2323 942 2349 quos
957 2316 1015 2341 Vat.
1034 2317 1135 2348 allegat.

176 2362 226 2387 Pro
245 2361 334 2392 Petite,
353 2361 378 2386 et
396 2359 504 2386 dabitur
524 2358 597 2386 vobis
625 2359 702 2385 codd.
733 2359 827 2390 Petite,
847 2361 873 2386 et
891 2359 1026 2393 accipietis
1057 2361 1135 2390 (loan.

178 2406 224 2437 16,
244 2405 308 2438 24.).

248 2448 259 2463 ²
278 2449 328 2476 Csr.
348 2455 427 2481 supra
447 2455 510 2480 pag.
530 2448 596 2479 406,
616 2451 675 2474 nota
697 2449 739 2473 12.

248 2492 259 2507 ²³
279 2493 380 2519 Scilicet
399 2492 543 2519 ordinaria
562 2492 602 2526 (ex
622 2492 703 2525 Beda)
724 2492 750 2517 in
770 2492 833 2518 Luc.
856 2490 904 2522 24,
925 2491 967 2516 49.
986 2491 1057 2517 ldem
1077 2491 1139 2517 dicit

178 2539 296 2570 Gregor.,
316 2539 409 2570 Regul.
430 2538 553 2570 pastoral.
572 2544 599 2569 p.
619 2537 655 2563 111.
675 2544 699 2563 c.
722 2536 763 2562 25.
785 2536 948 2568 (Admonitio
968 2536 1030 2569 26).

249 2581 260 2596 ⁴
280 2583 355 2608 Vers.
372 2582 405 2613 7,
425 2585 484 2614 post
503 2589 582 2615 quem
603 2581 679 2607 Eccli.
701 2582 745 2612 18,
767 2582 809 2606 19.

250 2626 261 2641 ⁶
279 2626 425 2653 Comment.
446 2627 470 2652 iu
491 2627 572 2652 Eccle.
592 2627 624 2657 3,
643 2627 669 2652 7.
688 2626 742 2653 Ctr.
756 2630 819 2652 tom.
834 2626 876 2652 Vl.
890 2633 951 2658 pag.
967 2625 1026 2658 tet,
1040 2628 1099 2651 nota
1114 2626 1139 2651 2.

250 2669 262 2685 ⁶
282 2671 354 2696 Vers.
375 2671 417 2695 29.
436 2684 472 2689 -
491 2671 549 2696 Vat.
569 2671 664 2697 omittit
683 2671 738 2697 Hoc
758 2670 802 2705 [ita
822 2670 884 2703 CH]
904 2677 959 2697 non
987 2670 1040 2704 suit
1066 2671 1139 2702 tunc,

179 2713 226 2740 sed
244 2713 453 2753 quadrupesi‘ma
473 2713 521 2740 die.
541 2713 590 2740 Ctr.
611 2715 699 2740 Glossa
720 2714 863 2741 ordinaria
883 2715 923 2748 (ex
937 2715 1018 2748 Beda)
1033 2715 1057 2740 in
1078 2715 1139 2740 Luc.

181 2758 228 2789 24,
248 2758 296 2784 50:
326 2758 519 2784 praetermissis
549 2758 686 2790 omnibus,
717 2766 786 2792 quae
814 2767 861 2791 per
890 2760 1064 2792 quadraginta
1083 2760 1140 2786 dies

181 2804 254 2835 gesta
274 2804 347 2833 sunt,
367 2802 452 2834 primo
471 2802 669 2828 resurrectionis
697 2803 749 2829 diei
776 2803 850 2829 tacite
878 2803 1014 2836 coniungit
1033 2804 1141 2829 novissi-

182 2853 270 2877 mum,
289 2853 342 2879 quo
361 2846 477 2871 ascendit
496 2846 523 2871 in
543 2846 652 2871 caelum.
672 2847 701 2872 Et
719 2848 809 2879 pulcre
829 2846 1015 2873 benedicturus
1028 2847 1141 2879 discipu-

181 2890 219 2916 los
237 2890 329 2927 educit·
344 2889 372 2916 in
391 2889 564 2922 Bethaniam,
584 2896 653 2922 quae
671 2890 767 2916 domus
786 2890 950 2917 obedientiae
968 2891 1063 2917 dicitur
1083 2892 1140 2924 [cfr.

182 2941 262 2966 supra
282 2941 344 2966 pag.
364 2934 430 2965 487,
449 2937 511 2960 nota
531 2933 594 2967 ⁴3),
613 2934 674 2966 quin
688 2935 732 2968 qui
748 2938 855 2967 propter
868 2935 1071 2961 inobedientiam
1085 2942 1142 2967 per-

182 2984 321 3007 versorum
340 2978 475 3004 descendit
494 2982 603 3010 propter
621 2977 797 3004 obedientium
811 2986 1000 3005 conversorum
1014 2980 1140 3005 ascendit.

247 3020 264 3036 '⁷
286 3022 342 3048 Vat.
361 3028 379 3048 a
398 3022 512 3049 Christo.
541 3023 661 3054 August,
686 3023 720 3048 de
747 3023 863 3049 Diversis
891 3024 940 3056 Qq.
967 3024 1013 3055 83,
1042 3031 1067 3056 q.
1097 3024 1140 3049 61.

183 3073 209 3093 n.
229 3066 253 3092 6.
273 3066 306 3092 de
324 3065 426 3092 Christo
445 3067 494 3092 ait:
517 3076 530 3090 α
544 3067 595 3100 Qui
613 3066 717 3092 assidue
731 3067 757 3092 in
771 3067 911 3100 scripturis
926 3067 982 3101 [etr.
996 3068 1051 3093 lsai.
1066 3069 1090 3099 2,
1104 3067 1140 3101 2.]

183 3117 262 3138 mom
280 3112 462 3143 appellatur».
482 3112 566 3138 Serm.
589 3111 612 3137 4.
631 3111 704 3144 (alias
718 3111 759 3137 44.
773 3112 806 3138 de
820 3112 945 3145 Diversis)
960 3120 982 3138 c.
997 3114 1038 3138 21.
1053 3120 1077 3138 n.
1092 3109 1141 3139 2⁴2:

184 3155 271 3188 Quare
290 3155 376 3181 dictus
395 3158 434 3181 est
453 3154 595 3189 [Christus]
615 3157 710 3182 mons?
731 3157 838 3189 Propter
852 3157 1070 3189 magnitudinem.

255 3197 266 3213 ⁸
286 3199 361 3225 Vers.
379 3199 406 3225 7.

256 3241 267 3257 ⁰
284 3243 380 3269 psalm.
399 3243 447 3276 46,
467 3244 492 3270 6.
510 3246 536 3270 et
554 3243 603 3275 67,
623 3244 671 3275 19,
690 3244 737 3277 qui
757 3243 892 3271 exhibetur
912 3244 1002 3271 verbis
1027 3245 1143 3278 Apostoll

185 3286 220 3313 ad
238 3287 303 3319 Eph.
324 3286 353 3319 t,
373 3287 398 3312 8.

257 3328 281 3344 ¹⁰
300 3329 374 3356 Vers.
397 3330 444 3360 M:
464 3331 509 3356 etr.
529 3338 607 3362 supra
629 3338 690 3364 pag.
719 3331 784 3363 237,
803 3335 863 3358 nota
884 3333 908 3358 8.
928 3345 962 3352 —
981 3332 1039 3358 Duo
1068 3339 1143 3365 seqq.

1201 2361 1393 2395 Septuaginta]
1407 2361 1457 2387 Csr.
1472 2362 1590 2391 Gregor„
1605 2360 1631 2385 ll.
1645 2360 1737 2385 Homil.
1752 2360 1777 2385 in
1793 2361 1890 2392 lix-ang.
1905 2362 1994 2387 homil.
2008 2363 2050 2387 29.
2070 2370 2094 2387 n.
2118 2362 2157 2387 10.

1273 2405 1293 2420 ¹²
1315 2406 1389 2431 Vers.
1412 2407 1452 2431 10.
1481 2419 1516 2424 -
1545 2405 1671 2436 Superius
1698 2411 1746 2436 pro
1776 2405 1874 2438 Elpei·
1902 2405 1951 2432 hoc
1978 2406 2058 2432 CDG
2090 2406 2156 2438 Quia

1200 2457 1249 2484 per
1268 2450 1325 2477 hoc.

1274 2494 1295 2509 ¹²
1315 2495 1366 2521 Ctr.
1387 2495 1428 2521 lV.
1447 2496 1513 2526 Reg.
1533 2495 1557 2526 2,
1573 2494 1611 2519 11.
1627 2494 1745 2525 Gregor.,
1765 2494 1793 2518 ll.
1807 2493 1900 2518 Homil.
1915 2495 1939 2519 in
1955 2495 2053 2527 Evang.
2067 2495 2156 2520 homil.

1204 2539 1246 2563 29.
1265 2546 1290 2564 n.
1311 2539 1342 2564 5:
1362 2539 1510 2564 Notandum
1530 2544 1637 2571 quoque
1656 2540 1708 2568 est,
1728 2537 1799 2569 quod
1820 2537 1885 2562 Elias
1913 2538 1939 2563 in
1959 2545 2036 2564 curru
2062 2539 2157 2570 legitur

1203 2582 1366 2613 ascendisse,
1386 2585 1414 2608 ut
1433 2583 1555 2608 videlicet
1573 2584 1662 2613 aperte
1681 2581 1916 2611 demonstraretur,
1936 2582 1996 2614 quia
2016 2583 2095 2607 homo
2115 2590 2160 2614 pu-

1203 2633 1249 2651 rus
1267 2626 1397 2653 adiutorio
1417 2627 1532 2659 indigeat
1551 2626 1641 2651 alieno.
1663 2626 1709 2650 Per
1729 2626 1842 2657 Angelos
1861 2626 1958 2658 quippe
1985 2628 2049 2652 sacta
2075 2627 2114 2652 illa
2135 2631 2158 2652 et

1204 2673 1308 2696 ostensa
1328 2674 1387 2696 suut
1406 2671 1571 2701 adiumenta,
1590 2670 1651 2703 quia
1671 2676 1718 2695 nec
1743 2670 1767 2694 in
1797 2670 1897 2695 caelum
1926 2670 2032 2703 quidem
2053 2671 2158 2696 aereum

1205 2723 1252 2747 per
1272 2723 1299 2740 se
1319 2716 1460 2742 ascendere
1480 2719 1582 2748 poterat
1600 2722 1680 2748 quem
1701 2718 1808 2740 naturae
1827 2722 1889 2740 suae
1914 2715 2048 2741 intlrmitas
2068 2721 2158 2747 grava-

1205 2759 1257 2785 bat.
1278 2759 1439 2791 Redemptor
1458 2764 1544 2786 autem
1565 2763 1652 2785 noster
1671 2766 1723 2784 non
1743 2766 1836 2789 curru,
1851 2766 1903 2785 non
1918 2760 2023 2791 Angelis
2043 2759 2158 2785 subleva-

1205 2807 1246 2830 tus
1265 2803 1366 2835 legitur,
1387 2803 1448 2836 quia
1469 2804 1490 2829 is
1509 2804 1553 2837 qui
1583 2805 1678 2829 fecerat
1697 2802 1797 2835 omnia,
1820 2802 1944 2829 nimirum
1969 2810 2048 2835 super
2072 2803 2158 2828 omnia

1205 2854 1251 2873 sua
1271 2847 1367 2872 virtute
1387 2846 1517 2872 serebatur
1536 2850 1584 2873 ete.

1278 2890 1299 2905 ²³
1319 2891 1411 2916 Psalm.
1432 2891 1481 2921 67,
1501 2892 1524 2916 5.
1538 2895 1563 2916 et
1576 2891 1670 2917 deinde
1690 2890 1746 2915 lsai.
1760 2890 1805 2921 63,
1829 2891 1836 2915 l
1850 2910 1856 2920 ,
1876 2889 1920 2916 ubi
1935 2898 1982 2922 pro
1994 2889 2159 2924 fortitudinis

1204 2943 1270 2962 suae
1289 2935 1370 2961 ACD
1389 2934 1497 2961 virtutis
1525 2942 1600 2961 suae.
1625 2949 1660 2954 —
1679 2934 1762 2964 Beda,
1792 2934 1817 2958 in
1846 2934 1900 2959 Act.
1932 2935 1958 2965 t,
1979 2935 2008 2959 9:
2033 2944 2044 2957 ι
2059 2934 2160 2966 [bique

1205 2983 1323 3006 creatura
1342 2986 1391 3004 suo
1419 2978 1534 3005 Creatori
1562 2982 1675 3011 praestet
1703 2977 1869 3010 obsequium.
1894 2978 1966 3003 Astra
1988 2978 2100 3004 indicant
2119 2985 2160 3003 ne-

1205 3027 1335 3055 scentem,
1355 3023 1496 3056 patientem
1517 3022 1670 3054 obnubunt,
1689 3021 1823 3055 recipiunt
1849 3021 1932 3048 nubes
1961 3021 2159 3053 ascendentem,

1204 3069 1357 3095 redeuntem
1377 3067 1410 3093 ad
1431 3067 1555 3092 iudicium
1575 3066 1770 3093 comitabuntur
1784 3075 1808 3091 ›.
1834 3066 1921 3091 Simile
1950 3069 2020 3091 notat
2048 3066 2161 3096 Hieron„

1206 3113 1248 3138 lV.
1267 3112 1412 3138 Comment.
1433 3111 1459 3136 in
1478 3111 1565 3136 Matth.
1585 3112 1632 3142 28,
1653 3112 1676 3136 2.
1697 3117 1751 3143 seq.
1772 3110 1804 3135 de
1824 3110 1937 3141 Angelis.

1277 3155 1299 3170 ¹⁴
1310 3156 1411 3182 Scilicet
1424 3154 1603 3181 inter-lineam
1618 3155 1658 3187 (ex
1669 3154 1749 3186 Beda)
1765 3155 1789 3179 in
1803 3154 1863 3179 Luc.
1878 3153 1920 3184 24,
1934 3153 1975 3179 52.
1987 3153 2068 3179 Codd.
2079 3153 2098 3179 C
2109 3154 2130 3179 D
2139 3154 2160 3179 ll

1206 3207 1267 3226 curn
1286 3200 1374 3225 Glossa
1394 3199 1515 3225 omittunt
1535 3197 1679 3229 laetantur,
1699 3198 1771 3231 quod
1792 3196 1869 3223 habet
1886 3197 1962 3223 Beda.
1982 3211 2016 3216 —
2037 3198 2161 3230 Superius

1206 3251 1254 3276 pro
1274 3243 1414 3270 victoriam
1435 3242 1543 3269 Domini
1561 3242 1612 3267 BH
1633 3241 1662 3274 (C
1682 3249 1696 3267 a
1715 3242 1829 3268 secunda
1845 3242 1934 3273 manu)
1950 3241 2090 3268 victoriam
2105 3242 2162 3268 Ma-

1207 3287 1287 3321 gistri
1313 3287 1370 3320 sui,
1392 3287 1444 3313 AD
1463 3287 1584 3312 videntur
1613 3286 1710 3312 habere
1738 3285 1878 3312 victorium
1906 3285 2035 3319 martyrii
2063 3286 2094 3318 (D
2120 3286 2162 3311 ad-

1209 3332 1245 3357 dit
1264 3331 1328 3365 sut).

2173 807 2250 833 Figura
2265 806 2302 827 tri-

2210 834 2265 860 plez.

2176 1178 2259 1199 Gradus
2274 1179 2312 1199 Ec-

2182 1205 2259 1226 clesiae
2275 1211 2308 1226 or-

2185 1231 2260 1252 dinati.

2175 1869 2264 1896 Quarto,
2281 1869 2307 1889 de

2187 1895 2298 1916 devotione

2189 1922 2304 1948 discipulo-
