2476 3921
161 939 258 960 Obiectio
273 940 312 960 sol-

176 967 231 986 vitur
241 972 253 987 a
263 966 315 987 Ber-

175 993 249 1014 nardo.

327 265 391 297 364

326 352 510 393 magistrum
530 363 544 377 »
573 352 630 381 etc.
658 348 692 380 Et
716 347 784 379 ideo
801 346 964 388 Apostolus
980 345 1099 387 primae
1116 345 1153 377 ad
1170 344 1278 377 Corin-

326 405 407 436 thios
431 404 548 435 nono¹:
571 414 585 429 «
600 402 676 433 Cum
694 409 794 433 essem
811 399 889 432 liber
905 408 947 431 ex
964 399 1120 436 omnibus,
1137 398 1278 430 oninium

324 466 374 489 me
398 464 523 488 servum
548 454 605 487 feci
622 466 653 492 »;
678 457 708 486 et
738 462 852 485 rursus
882 452 1002 485 decimo
1026 451 1155 493 quinto:
1185 464 1201 479 α
1219 451 1280 492 Ego

325 518 394 542 sum
419 508 569 540 minimus
592 506 828 548 Apostolorum,
853 505 905 547 qui
931 514 992 537 non
1010 514 1081 537 sum
1097 504 1213 546 dignus
1230 512 1281 536 vo-

325 562 387 595 cari
405 561 609 602 Apostolus»;
623 563 654 592 et
667 559 704 591 ad
723 559 870 601 Ephesios
887 559 997 591 tertio:
1021 571 1036 587 «
1049 558 1121 590 Mihi
1139 557 1280 590 omnium

325 615 508 646 Sanctorum
535 613 670 645 minimo·
694 612 766 644 data
800 615 846 644 est
869 611 970 653 gratia
1001 611 1078 643 haec
1097 624 1125 642 ι».
1152 611 1187 642 Et
1211 610 1280 642 ideo

324 667 445 699 dicebat
480 666 625 707 princeps
659 665 876 706 Apostolorum
913 665 1023 696 Petrus
1055 663 1174 705 primae
1199 662 1279 694 Petri

324 720 460 752 secundo
473 720 499 751 2:
531 732 545 747 «
562 718 696 751 Subiecti
721 721 819 750 estote
843 717 926 749 omni
944 717 1099 749 humanae
1116 719 1280 749 creaturae

324 777 453 815 propter
478 773 576 804 Deum
593 785 623 803 ».
649 790 689 795 —
716 770 874 803 Recumbe
905 770 1001 812 igitur
1037 770 1072 802 in
1100 769 1281 801 novissimo

326 826 407 864 loeo,
433 829 463 858 te
488 825 667 857 inferiorem
692 824 837 856 omnibus
861 823 1045 865 reputando.

413 880 465 910 ⁶20.
480 878 537 910 Sed
549 878 652 910 dices:
672 877 835 919 Quomodo
848 886 897 909 me
918 886 990 909 vere
1011 876 1165 918 reputabo
1181 876 1280 908 omni-

324 931 384 964 bus
415 931 570 973 peiorem,
595 939 668 962 cum
699 930 789 962 multi
822 930 883 962 sint
915 930 1058 970 peiores?
1088 948 1131 952 —
1155 929 1198 961 Ad
1222 929 1281 961 hoc

326 984 492 1026 respondet
508 984 686 1016 Bernardus
703 983 734 1015 in
751 983 876 1015 Cantica
887 1009 894 1021 ,
912 983 1040 1015 homilia
1057 983 1217 1024 trigesima
1233 991 1281 1014 se-

324 1039 422 1080 ptima
434 1038 464 1069 ³:
482 1050 497 1065 «
512 1038 540 1069 Si
554 1037 647 1075 enim,
661 1037 691 1068 in
705 1046 841 1079 quonam
855 1040 939 1069 statu
956 1044 1217 1078 unumquemque
1230 1044 1282 1067 no-

325 1095 427 1124 strum
444 1091 556 1123 habeat
571 1091 665 1129 Deus,
684 1089 802 1132 liquido
819 1098 1093 1131 cognosceremus,
1111 1098 1167 1121 nec
1185 1098 1282 1130 supra

325 1154 398 1178 sane
414 1153 471 1177 nec
488 1144 568 1176 infra
592 1143 701 1176 sedere
717 1143 904 1175 deberemus
915 1169 922 1181 ,
939 1142 1062 1175 veritati
1087 1142 1118 1174 in
1135 1142 1282 1174 omnibus

325 1198 566 1240 acquiescentes.
585 1197 672 1229 Nunc
688 1199 809 1235 autem,
828 1196 902 1238 quia
919 1196 1083 1228 consilium
1097 1196 1155 1227 hoc
1169 1195 1284 1237 posuit

327 1251 475 1284 tenebras
499 1250 674 1283 latibulum
689 1260 791 1282 suum
804 1250 828 1287 4,
846 1253 877 1281 et
893 1258 996 1281 sermo
1012 1248 1213 1281 absconditus
1236 1252 1283 1281 est

326 1315 344 1337 a
367 1305 473 1343 nobis;
498 1305 540 1336 ita
563 1308 599 1336 ut
623 1313 715 1335 nemo
738 1303 842 1341 sciat,
866 1303 897 1334 si
925 1302 1048 1344 (liynus
1071 1302 1115 1334 sit
1146 1312 1281 1340 amore,

326 1358 375 1390 vel
397 1358 491 1395 odio;
515 1357 629 1390 iustius
652 1357 815 1398 tutiusque
838 1355 977 1397 profecto
1001 1356 1093 1388 iuxta
1110 1356 1208 1397 ipsius
1224 1355 1283 1388 Ve-

328 1411 428 1443 ritatis
458 1410 622 1443 consilium
654 1409 858 1442 novissimum
883 1409 972 1441 nobis
996 1409 1099 1441 locum
1123 1409 1282 1450 eligimus,

327 1465 365 1497 de
388 1474 451 1506 quo
476 1463 674 1506 postmodum
699 1472 771 1495 cum
795 1463 914 1495 honore
931 1463 1079 1504 superius
1095 1462 1283 1501 educamur,

329 1527 422 1560 quam
447 1517 679 1559 praesumimus
710 1516 870 1554 altiorem,
895 1516 979 1548 unde
1011 1515 1183 1548 recedere⁵
1208 1524 1283 1547 mox

328 1574 469 1612 oporteat
485 1580 558 1603 cum
583 1570 709 1602 rubore.
735 1570 800 1601 Non
817 1578 892 1611 ergo
908 1573 954 1601 est
972 1569 1163 1611 periculum,
1185 1577 1284 1610 quan-

329 1627 534 1666 tumcumque
558 1627 587 1655 te
612 1623 773 1661 humilies,
790 1626 1083 1664 quantumcumque
1108 1626 1137 1654 te
1155 1625 1283 1663 reputes

329 1677 499 1715 minorem,
524 1686 618 1718 quam
643 1677 702 1715 sis,
728 1676 786 1708 hoo
818 1679 883 1714 est,
908 1684 1002 1717 quam
1028 1679 1058 1707 te
1084 1675 1206 1707 Veritas
1231 1675 1285 1707 ha-

329 1731 408 1763 beat.
435 1731 487 1763 Est
509 1733 614 1762 autem
638 1729 755 1771 grande
779 1729 896 1761 malum
920 1728 1179 1770 horrendumque
1202 1728 1285 1770 peri-

329 1784 456 1822 culum,
481 1784 504 1816 si
530 1783 578 1815 vel
603 1782 722 1815 modice
754 1783 825 1824 plus
862 1785 890 1814 te
926 1791 1001 1814 vero
1029 1781 1180 1820 extollas,
1205 1784 1235 1814 et
1259 1781 1284 1813 si

331 1837 400 1869 illi⁶
424 1836 567 1868 videlicet
591 1836 622 1867 in
647 1836 831 1877 cogitatione
855 1838 910 1867 tua
934 1838 962 1867 te
987 1834 1161 1876 praeferas,
1191 1843 1284 1876 quem

330 1890 410 1922 sorte
434 1898 541 1931 parem
566 1888 619 1921 tibi
645 1889 767 1921 Veritas
791 1888 924 1926 iudicat,
949 1892 1003 1920 aut
1027 1888 1120 1920 etiam
1146 1888 1283 1930 superio-

330 1951 407 1975 rem.
433 1941 718 1983 Quemadmodum,
743 1941 767 1974 si
792 1950 848 1983 per
872 1941 986 1973 ostium
1011 1944 1169 1979 transeas,
1195 1941 1286 1973 cuius

331 1995 586 2036 superliminare,
611 1998 647 2027 ut
670 1994 708 2026 ad
732 1994 968 2036 intelligentiam
1000 1994 1128 2036 loquar,
1154 1994 1285 2026 nimium

326 2048 457 2080 bassum
482 2047 535 2086 sit,
560 2057 621 2079 non
639 2050 743 2085 nocet,
761 2051 1054 2089 quantumcumque
1071 2051 1101 2079 te
1118 2047 1286 2079 inclinave-

332 2102 393 2139 ris;
418 2104 450 2134 at
474 2101 497 2133 si
523 2101 572 2133 vel
607 2101 777 2133 transversi
809 2101 897 2142 digiti
933 2101 1033 2142 spatio
1068 2101 1157 2142 plus,
1189 2109 1285 2142 quam

331 2154 399 2186 ostii
425 2162 572 2186 mensura
597 2154 732 2195 patitur,
757 2154 917 2192 erexeris,
950 2154 1102 2195 impinges
1134 2156 1165 2186 et
1193 2162 1287 2195 quas-

331 2210 398 2240 sato
421 2207 520 2248 capite
544 2207 700 2239 collideris
713 2207 734 2238 ⁷.
761 2207 809 2239 Sic
844 2207 874 2239 111
899 2206 1004 2239 anima
1038 2216 1100 2239 non
1125 2210 1172 2239 est
1196 2207 1287 2248 plane

332 2260 469 2293 timenda
493 2260 686 2302 quantalibet
710 2260 902 2299 humiliatio;
929 2259 1087 2292 horrenda
1109 2263 1216 2292 autem
1240 2259 1286 2291 ni-

332 2313 495 2355 miumque
531 2313 670 2355 pavenda
705 2314 754 2345 vel
789 2313 919 2345 minima
954 2316 1071 2346 temere
1106 2316 1288 2354 praesumta

331 2366 456 2409 erectio.
482 2366 692 2407 Quamobrem
715 2366 778 2398 noli
803 2370 850 2405 te,
876 2366 986 2405 homo,
1011 2374 1197 2408 comparare
1221 2374 1286 2397 ma-

331 2419 468 2458 ioribus,
493 2419 555 2451 noli
588 2419 781 2458 minoribus,
816 2419 878 2451 noli
909 2419 1086 2461 aliquibus,
1121 2418 1184 2451 noli
1219 2418 1285 2451 uni.

404 2665 412 2680 ¹
433 2667 508 2692 Vers.
528 2667 575 2699 19,
595 2667 636 2692 cui
655 2666 849 2698 subiunguntur
870 2667 916 2698 15,
936 2667 960 2692 9,
980 2669 1005 2691 et
1024 2667 1088 2697 Eph.
1109 2667 1139 2697 3,
1159 2666 1184 2691 8.

403 2709 413 2724 ⁹
434 2711 508 2736 Vers.
529 2711 570 2736 13.

404 2753 414 2768 ⁸
434 2756 509 2780 Num.
530 2756 554 2780 6.
573 2758 598 2780 et
617 2755 643 2780 7.
662 2769 696 2774 —
715 2755 822 2780 inferius
840 2762 888 2787 pro
907 2753 1003 2781 habeat
1017 2755 1059 2787 (ita
1076 2754 1133 2780 Vat.
1146 2761 1207 2780 cum
1221 2758 1289 2780 textu

333 2800 461 2832 originali)
481 2799 559 2825 codd.
578 2798 664 2825 habet.

404 2842 415 2857 ⁴
434 2844 529 2869 Psalm.
549 2843 593 2875 47,
616 2843 657 2868 42.
677 2857 711 2862 —-
730 2843 852 2876 Sequitur
872 2843 953 2869 Eccle.
980 2843 1010 2874 9,
1031 2843 1059 2868 4:
1084 2843 1169 2868 Nescit
1195 2844 1289 2874 homo,

334 2891 421 2913 utrum
440 2894 539 2918 amore,
559 2894 591 2912 an
611 2887 672 2912 odio
691 2887 787 2919 dignus
806 2888 846 2913 sit.
862 2902 894 2905 —
909 2888 957 2913 Pro
975 2886 1146 2914 absconditus
1165 2889 1203 2913 est
1215 2894 1233 2913 a
1245 2894 1290 2913 no-

335 2931 373 2958 bis
393 2932 437 2964 (ita
457 2932 478 2956 11
498 2935 523 2956 et
542 2932 599 2957 Vat.
620 2938 680 2956 cum
704 2934 773 2957 textu
798 2932 929 2965 originali)
954 2931 1093 2958 ACDFG
1119 2931 1290 2958 absconditus

334 2977 373 3002 est
390 2975 475 3002 nobis.
495 2975 547 3001 Cir.
566 2976 630 3001 inira
652 2976 697 3007 19,
719 2976 760 3001 42.
781 2979 805 3001 et
825 2977 841 3001 Ι.
861 2977 926 3008 Reg.
946 2977 977 3008 3,
1001 2977 1039 3002 l7.

405 3019 416 3034 ⁶
436 3021 494 3046 Vat.
513 3028 573 3046 cum
593 3024 660 3046 textu
681 3021 798 3052 originali
818 3020 915 3047 cedere.

406 3063 417 3078 ⁰
437 3065 534 3091 Textus
553 3065 685 3096 originalis
703 3068 729 3090 et
749 3066 805 3091 vat.
825 3065 850 3092 si
867 3065 908 3091 vel
926 3065 977 3091 uni
993 3073 1041 3098 pro
1060 3068 1085 3092 et
1102 3065 1129 3092 si
1145 3064 1195 3092 illi.
1207 3079 1242 3084 —
1256 3066 1291 3090 ln-

336 3109 415 3135 serius
434 3116 482 3141 pro
501 3109 601 3136 veritas
620 3109 720 3136 iudicat
739 3110 758 3135 Α
774 3110 794 3135 D
813 3110 884 3136 Deus
903 3109 1017 3141 iudicat,
1031 3110 1050 3136 C
1061 3111 1109 3136 FG
1120 3110 1140 3135 Η
1154 3109 1290 3135 diiudicat.

406 3152 415 3167 ⁷
437 3154 494 3179 Vat.
515 3160 575 3179 cum
595 3157 665 3179 textu
684 3154 817 3187 originali,
836 3161 884 3186 pro
903 3156 932 3180 at
949 3154 975 3180 si
998 3154 1083 3186 posito
1108 3154 1185 3180 nocet
1201 3155 1291 3179 autem

335 3197 373 3229 si,
388 3205 435 3230 pro
449 3198 606 3231 impinyes...
620 3198 754 3224 collideris
767 3198 900 3224 substituit
913 3198 951 3224 ita
964 3200 995 3225 ut
1006 3198 1169 3231 impinyas...
1182 3197 1291 3224 collida—

335 3242 383 3268 ris.
404 3243 452 3268 Pro
470 3242 511 3268 vel
530 3242 680 3269 transversi
697 3242 776 3276 digiti
790 3242 878 3276 spatio
894 3242 973 3276 plus,
993 3249 1076 3276 quam
1088 3241 1151 3268 ostii
1162 3248 1292 3268 mensura

334 3285 448 3319 patitur,
470 3286 591 3312 erexeris
610 3286 655 3319 (ita
670 3287 726 3312 Vat.
740 3294 801 3312 cum
815 3289 884 3312 textu
897 3286 1028 3319 orign‘nali)
1043 3287 1094 3312 tere
1108 3293 1199 3312 omnes
1211 3286 1290 3312 codd.

338 3329 367 3362 (B
387 3330 533 3363 abbreviat)
552 3329 595 3356 vel
612 3330 765 3357 transversi
782 3330 852 3364 liyni
876 3330 995 3364 spatium
1021 3329 1098 3363 plus,
1124 3337 1207 3364 quam
1232 3329 1294 3357 ostii

336 3381 466 3400 mensura
482 3374 596 3407 patitur,
617 3374 768 3401 extenderis
787 3375 831 3407 (ita
851 3374 886 3406 A,
900 3374 919 3400 C
930 3375 982 3400 DG
999 3374 1157 3407 exterioris,
1177 3381 1226 3407 pro
1238 3381 1292 3408 quo

338 3418 363 3443 in
376 3418 397 3444 D
407 3418 522 3444 secunda
536 3425 629 3444 manus
642 3418 774 3444 substituit
786 3418 913 3451 eaeteribr,
927 3419 945 3444 F
957 3418 1072 3451 exieris,
1084 3419 1106 3445 Η
1125 3418 1293 3452 excesseris).

909 257 1101 289 COMMENT.
1127 257 1163 289 IN
1187 256 1424 289 EVANGELIUM
1448 256 1565 288 LUCAE
1590 255 1621 287 C.
1648 255 1722 287 xiv.

1342 344 1422 385 Quid
1447 344 1507 376 scis
1530 344 1631 382 enim,
1656 353 1675 375 o
1710 344 1822 382 homo,
1847 343 1871 376 si
1897 352 1981 375 unus
2004 343 2073 381 ille,
2098 352 2192 385 quem
2222 343 2303 376 forte

1343 397 1484 429 omnium
1510 397 1695 429 vilissimum
1711 400 1806 438 atque
1823 396 2037 429 miserrimum
2054 399 2192 437 reputas,
2209 397 2302 429 cuius

1344 451 1439 482 vitam
1471 450 1754 482 scelleratissimam
1786 458 1822 481 ac
1857 449 2058 491 singulariter
2089 449 2300 482 foedissimam

1344 502 1474 541 horres,
1499 506 1529 534 et
1560 505 1728 543 propterea
1763 505 1855 543 putas
1886 501 2098 543 spernendum
2124 502 2214 534 illum
2237 511 2301 534 non

1345 556 1436 588 modo
1461 564 1536 597 prae
1560 559 1604 594 te,
1629 555 1684 597 qui
1708 555 1789 587 forte
1819 555 1880 587 iam
1910 554 2018 587 sobrie
2041 559 2069 587 et
2093 555 2177 587 iuste
2200 559 2229 587 et
2249 555 2304 597 pie

1344 608 1476 643 vivere⁸
1501 612 1531 641 te
1555 608 1701 647 confidis,
1727 608 1780 641 sed
1804 608 1898 640 etiam
1921 617 1997 650 prae
2022 608 2134 641 ceteris
2158 607 2304 640 omnibus

1344 661 1504 694 sceleratis
1540 663 1689 703 tanquam
1724 661 1866 693 omnium
1899 660 2192 693 sceleratissimum:
2228 659 2305 702 quid

1345 715 1423 754 scis,
1445 715 1573 756 inquam
1585 741 1592 754 ,
1610 715 1635 747 si
1652 715 1762 747 melior
1781 719 1809 747 te
1826 718 1856 747 et
1880 715 1940 747 illis
1965 714 2137 747 mutatione
2153 714 2304 747 dexterae

1346 768 1492 801 Excelsi⁹
1517 768 1547 800 in
1573 777 1606 800 se
1629 768 1757 810 quidem
1780 767 1909 800 futurus
1932 768 1990 806 sit,
2016 768 2046 799 in
2071 767 2135 800 Deo
2153 777 2227 800 vero
2243 768 2305 800 iam

1345 821 1407 854 sit?
1431 821 1467 853 Et
1491 824 1658 863 propterea
1681 830 1743 853 non
1775 821 1982 859 mediocrem,
2007 830 2069 853 non
2094 821 2143 853 vel
2171 820 2306 862 penulti-

1345 884 1450 913 mum,
1468 884 1529 906 non
1547 874 1651 916 ipsum
1669 875 1778 907 saltem
1803 875 1885 906 inter
1908 874 2093 906 novissimos
2121 873 2237 916 eligere
2260 873 2306 906 10-

1345 936 1418 960 cum
1443 936 1500 959 nos
1524 927 1637 965 voluit3
1663 927 1717 960 sed
1740 927 1910 965 recumbe,
1936 927 2055 969 inquit,
2074 926 2306 959 innovissimo

1345 981 1432 1019 loeo,
1457 984 1493 1013 ut
1517 981 1659 1013 videlicet
1683 981 1824 1013 omnium
1850 980 2038 1013 novissimus
2061 980 2186 1019 sedeas,
2213 983 2306 1022 teque

1345 1035 1462 1067 nemini
1487 1044 1548 1067 non
1572 1034 1642 1067 dico
1658 1043 1850 1076 praeponas,
1868 1034 1922 1066 sed
1939 1043 1996 1066 nec
2013 1042 2197 1075 comparare
2213 1042 2305 1075 prae-

1346 1095 1453 1119 sumas
1469 1100 1500 1118 ».

1436 1141 1488 1172 21.
1518 1139 1661 1172 Secundo
1691 1143 1797 1173 autem
1829 1140 2010 1182 assignans
2046 1140 2221 1172 utilitatem
2245 1139 2306 1172 acl-

1346 1193 1516 1231 iunetam,
1541 1193 1662 1225 subdit:
1693 1193 1742 1231 Ut,
1766 1203 1842 1225 eum
1866 1193 1990 1225 venerit
2014 1193 2073 1236 qui
2089 1197 2116 1225 le
2132 1192 2305 1231 invitavit,

1347 1246 1438 1279 dieat
1462 1246 1521 1279 tibi
1534 1246 1579 1278 ¹⁰:
1605 1246 1737 1285 Amice,
1755 1247 1892 1279 ascende
1908 1247 2074 1288 superius.
2099 1246 2158 1287 Qui
2176 1255 2232 1279 nos
2256 1245 2306 1278 in-

1346 1300 1466 1332 vitavit
1488 1303 1535 1332 est
1559 1299 1722 1339 Christus,
1747 1300 1800 1341 qui
1825 1300 1913 1332 venit
1935 1300 1974 1332 ad
1991 1309 2047 1332 nos
2063 1300 2113 1332 vel
2129 1308 2186 1341 per
2203 1299 2307 1341 inspi-

1347 1353 1529 1391 rationem,
1555 1353 1728 1385 secundum
1743 1353 1820 1385 illud
1846 1353 1967 1386 loannis
1990 1353 2111 1386 decimo
2134 1356 2248 1395 quarto
2264 1353 2306 1384 ¹¹:

1353 1406 1427 1439 «Ad
1450 1415 1523 1439 eum
1548 1407 1711 1439 veniemus
1742 1411 1773 1439 et
1808 1406 2000 1439 mansionem
2036 1407 2120 1448 apud
2152 1415 2225 1439 eum
2262 1406 2306 1439 fa-

1348 1460 1467 1493 ciemus
1483 1473 1513 1492 ».
1532 1460 1587 1492 Vel
1611 1460 1697 1492 venit
1720 1469 1777 1502 per
1800 1465 1959 1498 mortem,-
1983 1470 2080 1502 supra
2103 1460 2305 1493 duodecimo:

1354 1526 1369 1542 «
1387 1513 1441 1552 Ut,
1466 1522 1539 1545 cum
1563 1513 1685 1546 venerit
1708 1517 1739 1546 et
1771 1514 1944 1555 pulsaverit
1976 1514 2119 1553 ianuam,
2144 1514 2306 1547 confestim

1348 1566 1489 1607 aperiant
1513 1566 1540 1598 ei
1558 1579 1588 1597 ».
1615 1566 1669 1598 Vel
1693 1566 1779 1598 venit
1804 1575 1859 1608 per
1889 1565 1991 1608 finale
2013 1566 2167 1604 eoeamem
2192 1567 2307 1608 Apoca-

1349 1619 1445 1661 lypsis
1467 1619 1595 1651 ultimo:
1619 1619 1734 1658 «Ecce,
1759 1619 1850 1652 venio
1873 1620 1949 1658 cito,
1966 1623 1997 1652 et
2021 1628 2141 1652 merces
2156 1628 2226 1653 mea
2242 1628 2308 1652 me-

1349 1681 1421 1704 cum
1446 1676 1511 1711 est,
1536 1672 1667 1705 reddere
1688 1672 1860 1715 unicuique
1885 1673 2057 1706 secundum
2082 1682 2179 1715 opera
2203 1682 2260 1705 sua
2277 1686 2307 1704 ».

1351 1744 1391 1748 —
1416 1726 1468 1758 Hic
1493 1726 1621 1759 veniens
1644 1729 1733 1758 vocat
1751 1726 1885 1759 humiles
1909 1727 2043 1759 amieos.
2061 1726 2206 1759 Christus
2221 1735 2309 1758 nam-

1349 1788 1411 1821 que
1428 1779 1548 1812 amicus
1572 1788 1667 1812 verus
1691 1782 1755 1817 est,
1773 1779 1946 1812 secundum
1971 1779 2048 1812 illud
2066 1779 2309 1812 Proverbiorum

1348 1832 1468 1865 decimo
1492 1832 1624 1874 septimo
1638 1832 1681 1864 ¹2:
1704 1846 1719 1861 «
1732 1832 1823 1865 Omni
1842 1836 1982 1875 tempore
2003 1832 2103 1875 diligit
2119 1832 2172 1875 qui
2189 1833 2310 1865 amicus

1349 1890 1442 1919 est».
1463 1886 1497 1918 Et
1513 1886 1648 1918 humiles
1665 1886 1859 1928 recognoscit
1882 1886 2016 1924 amicos,
2041 1886 2115 1928 quia
2137 1886 2213 1919 tales
2236 1886 2310 1918 obe-

1349 1939 1440 1972 diunt
1463 1939 1513 1978 ei;
1551 1939 1672 1972 Ioannis
1703 1939 1824 1972 decimo
1847 1940 1980 1981 quinto:
2011 1952 2025 1967 «
2044 1940 2105 1972 Vos
2133 1939 2223 1972 amici
2248 1939 2311 1972 mei

1349 1993 1440 2031 estis,
1466 1993 1490 2025 si
1514 1993 1650 2025 feceritis
1685 2002 1766 2035 quae
1798 1993 1956 2034 praecipio
1992 1993 2127 2026 vobis».
2166 1993 2200 2025 Et
2233 1997 2309 2025 tunc

1350 2050 1439 2079 vocat
1462 2056 1524 2079 non
1549 2046 1674 2079 nomine
1697 2047 1804 2084 servi,
1830 2046 1884 2079 sed
1906 2047 2010 2079 amici
2016 2059 2028 2084 ;
2052 2046 2174 2080 loannis
2190 2046 2311 2079 decimo

1350 2099 1475 2141 quinto:
1506 2100 1598 2132 «lam
1624 2109 1687 2132 non
1721 2099 1822 2132 dicam
1855 2109 1909 2132 vos
1944 2108 2070 2138 servos,
2095 2099 2149 2132 sed
2173 2099 2309 2138 amicos,

1350 2152 1425 2194 quia
1448 2152 1569 2191 omnia,
1594 2161 1815 2194 quaecumque
1838 2152 1945 2185 audivi
1967 2162 1985 2185 a
2010 2153 2098 2185 Patre
2122 2161 2210 2191 meo,
2236 2155 2310 2184 nota

1350 2205 1407 2238 feci
1432 2205 1521 2238 vobis
1537 2219 1568 2237 ».
1593 2224 1637 2229 —
1661 2206 1725 2238 Tali
1754 2206 1849 2238 dicit:
1886 2206 2032 2238 Ascende
2066 2205 2242 2247 superius,
2278 2205 2310 2238 id

1351 2262 1398 2292 est
1434 2259 1473 2291 ad
1505 2259 1702 2300 superiorem
1738 2259 1890 2291 honorem
1925 2262 1957 2291 et
1990 2258 2194 2300 dignitatem;
2227 2258 2311 2291 Psal-

1351 2321 1423 2344 mus
1437 2312 1480 2343 ¹³:
1511 2325 1527 2340 (ι
1543 2312 1640 2344 Ν111115
1664 2312 1861 2344 honorificati
1878 2315 1952 2344 sunt
1974 2311 2067 2344 amici
2091 2311 2152 2350 tui,
2176 2311 2260 2344 Deus
2277 2325 2307 2343 ».

1351 2384 1395 2388 —
1419 2365 1455 2397 Et
1490 2365 1559 2398 ideo
1594 2365 1715 2397 subdit:
1748 2366 1839 2397 Tune
1863 2365 1926 2397 erit
1957 2364 2017 2397 tibi
2047 2365 2160 2407 pluria
2193 2375 2310 2397 eoram

1351 2417 1455 2450 simul
1476 2417 1773 2456 discumbentibus,
1798 2417 1828 2449 id
1853 2420 1901 2450 est
1921 2426 2027 2450 coram
2044 2418 2208 2457 omnibus;
2226 2418 2311 2451 unde

1425 2663 1435 2678 ⁸
1455 2665 1504 2690 Tit.
1525 2666 1554 2698 2,
1576 2666 1617 2690 12.
1637 2680 1670 2684 -
1688 2666 1737 2691 Pro
1749 2666 1773 2691 te
1786 2664 1818 2699 [C
1830 2666 1850 2691 D
1860 2666 1880 2691 G
1894 2665 2015 2691 omittunt
2028 2664 2065 2699 te]
2079 2664 2189 2698 confidis
2203 2665 2224 2690 11
2234 2671 2314 2698 prae-

1353 2709 1447 2736 sumis.

1425 2752 1436 2767 ⁹
1456 2754 1548 2780 Psalm.
1567 2754 1616 2785 76,
1638 2755 1685 2780 ll:
1705 2755 1773 2780 llaec
1793 2754 1901 2780 mutatio
1926 2755 2047 2780 dexterae
2072 2754 2177 2780 Excelsi.
2195 2766 2231 2772 —
2249 2754 2315 2779 inse-

1354 2799 1409 2824 rius
1429 2805 1476 2830 pro
1496 2798 1566 2824 inter
1583 2798 1743 2825 novissimos
1764 2799 1808 2832 (ita
1828 2799 1887 2825 Vat.
1907 2806 1967 2824 cum
1988 2802 2055 2824 textu
2069 2798 2198 2830 originali)
2213 2799 2232 2823 Α
2244 2798 2266 2823 b
2278 2797 2315 2824 ci-

1354 2844 1398 2869 tra
1416 2842 1607 2875 novissimum,
1627 2844 1645 2868 F
1666 2843 1695 2875 (C
1715 2843 1845 2875 primitus)
1866 2842 1934 2869 inter
1953 2842 2145 2874 novissimum,
2159 2846 2184 2868 et
2200 2842 2314 2868 subinde

1354 2886 1464 2913 vocibus
1483 2889 1513 2913 ul
1531 2887 1650 2913 videlicet
1671 2888 1727 2913 Vat.
1748 2891 1773 2913 et
1791 2890 1875 2913 textus
1894 2887 2028 2918 originalis
2053 2887 2210 2912 interserunt
2227 2886 2311 2913 solus.

1426 2929 1448 2944 ¹⁰
1467 2930 1551 2957 Codd.
1570 2931 1589 2956 C
1600 2931 1649 2956 DF
1668 2932 1789 2956 omittunt
1808 2930 1856 2957 tibi
1862 2940 1873 2963 ,·
1892 2931 1937 2956 cfr.
1958 2931 1986 2956 Β.
2005 2930 2102 2956 Albert.

1426 2974 1447 2989 ¹²
1469 2975 1542 3001 Vers.
1562 2976 1604 3001 23.
1619 2989 1653 2994 ——
1667 2976 1724 3000 Duo
1743 2982 1816 3008 seqq.
1836 2975 1885 3000 loci
1904 2978 1963 3001 sunt
1982 2976 2044 3000 Luc.
2065 2976 2112 3008 ⁴2,
2131 2975 2175 3001 36.
2193 2978 2219 3001 et
2231 2975 2312 3007 Apoc.

1356 3021 1403 3050 22,
1424 3020 1467 3045 ⁴2.
1485 3034 1520 3041 --
1539 3020 1628 3045 Glossa
1648 3018 1844 3046 interlinearis:
1859 3019 1905 3050 Ut,
1919 3025 1980 3045 cum
2000 3018 2113 3051 venerit,
2127 3019 2160 3045 ad
2174 3019 2313 3050 iudicium,

1354 3064 1396 3089 vel
1415 3064 1532 3097 quotidie
1550 3063 1673 3096 augendo
1692 3062 1836 3088 humilibus
1855 3063 1980 3094 gratiam,
2000 3070 2081 3096 quam
2100 3065 2184 3089 aufert
2196 3070 2211 3088 a
2224 3070 2314 3095 super-

1356 3107 1405 3134 bis.
1424 3108 1476 3134 Csr.
1495 3108 1580 3139 Beda,
1599 3108 1642 3133 lV.
1661 3107 1688 3132 in
1713 3108 1774 3132 Luc.
1794 3106 1843 3137 44,
1863 3107 1910 3132 ⁴0:
1930 3107 2042 3133 Veniens
2068 3107 2207 3138 Dominus,
2232 3114 2313 3140 quem

1355 3152 1480 3178 humilem
1499 3152 1641 3184 invenerit,
1659 3150 1742 3177 amici
1758 3152 1865 3177 nomine
1888 3151 2053 3184 beatificans,
2078 3152 2200 3183 superius
2224 3157 2313 3177 ascen-

1355 3196 1418 3222 dere
1437 3195 1581 3228 praecipiet
1598 3199 1646 3221 ete.

1426 3239 1448 3255 ¹²
1467 3241 1542 3266 Vers.
1562 3240 1604 3265 17.
1624 3254 1657 3258 -
1677 3240 1826 3272 Sequuntur
1845 3241 1916 3266 10311.
1934 3240 1982 3271 45,
2003 3239 2044 3265 tt.
2064 3242 2089 3265 et
2110 3239 2152 3264 15.

1427 3283 1450 3300 ¹³
1468 3285 1563 3310 Psalm.
1583 3285 1649 3315 138,
1669 3284 1710 3310 17.
1725 3298 1759 3303 -
1771 3285 1860 3310 Glossa
1879 3283 2079 3312 interlinearis:
2098 3283 2204 3316 Amice,
2223 3291 2254 3311 ex
2268 3286 2313 3310 hu-

1356 3330 1462 3355 militate
1475 3332 1501 3355 te
1513 3329 1627 3354 amicum
1645 3333 1829 3362 recognoscat,
1848 3330 1894 3362 qui
1913 3336 1943 3355 ex
1962 3328 2157 3360 praesumtione
2175 3331 2314 3361 postpone-

1356 3373 1441 3405 baris;
1460 3372 1573 3400 ascende
1590 3372 1730 3406 superius,
1751 3373 1784 3399 ad
1803 3373 1887 3399 maius
1905 3373 2053 3405 praemium
2066 3375 2186 3400 aeternae
2199 3373 2313 3405 gloriae,

1356 3418 1398 3444 vel
1417 3418 1459 3444 hic
1477 3417 1629 3443 ad’maiora
1648 3416 1716 3442 dona
1735 3417 1816 3443 sancti
1835 3417 1946 3449 Spiritus
1963 3417 2152 3450 recipiendum.

2325 1144 2357 1167 De
2368 1146 2451 1168 secund(

2329 1728 2446 1751 Notandum
