2476 3921
43 597 165 621 llumilitas.

11 649 13 671 1

8 1059 9 1079 ἶ
25 1075 87 1098 Ratio
96 1074 174 1103 prima.

63 1339 171 1362 Secunda.

96 1763 176 1786 Tertia.

51 2242 180 2265 Notandum.

759 228 954 262 COMMENT.
978 227 1015 260 IN
1040 225 1278 259 EVANGELIUM
1302 224 1419 257 LUCAE
1443 224 1474 256 C.
1501 223 1587 256 XVII.

182 327 213 358 et
237 332 290 357 eos
313 331 409 365 opere
431 320 556 364 perficit
571 333 602 352 1».
629 319 664 352 Et
695 318 765 351 ideo
788 316 942 350 Dominus
964 315 1040 348 dicit
1063 314 1143 347 lere-

180 376 263 410 miae
285 375 459 418 prophetae
482 373 631 406 Ieremiae
655 371 758 414 primo
772 372 798 403 ¹:
820 383 836 399 «
853 369 896 402 Ad
920 368 1035 407 omnia,
1063 375 1145 410 quae

181 429 304 462 mittam
331 431 379 468 te,
405 427 465 460 ibis
489 429 521 459 et
543 425 703 464 universa,
719 430 941 466 quaecumque
958 420 1148 454 mandavero

183 482 260 521 tibi,
296 480 437 524 loqueris
471 479 511 512 ad
545 487 650 517 005»;
685 480 717 510 01
752 476 908 518 Propheta
942 474 974 507 in
1009 473 1147 506 Psalmo:

189 547 206 564 ιι
223 535 392 576 Propterea
414 532 453 565 ad
477 531 582 565 omnia
613 529 760 563 mandata
790 531 845 561 tua
869 526 1028 569 dirigebar
1044 539 1059 554 n
1089 528 1148 557 etc.

185 606 228 612 —
253 587 312 630 Qui
336 586 381 619 sic
403 589 452 619 est
474 584 622 618 obediens
644 583 677 615 in
700 590 796 624 opere
818 581 912 614 debet
935 588 1003 612 esse
1019 578 1150 612 humilis

184 641 217 673 in
240 639 457 682 reputatione,
482 641 514 671 et
536 638 606 670 ideo
629 636 753 669 subdit:
781 634 902 667 Dicite:
929 633 1025 666 Servi
1047 632 1150 665 inuti-

185 693 230 726 tes
252 702 393 730 sumus:
424 691 513 735 qaod
546 690 721 723 debuimus
755 687 868 730 facere
902 685 1063 729 fecimus,
1093 694 1151 727 per

184 740 440 788 recognitionem
464 742 675 784 infirmitatis
688 741 867 785 propriae,-
883 739 992 779 servi,
1010 739 1151 781 inquam,

185 799 261 841 quia
275 798 389 840 empti,
406 797 492 830 ultra
507 805 603 839 quam
620 794 764 834 valeatis;
782 794 903 836 primae
918 793 957 826 ad
973 792 1153 825 Corinthios

186 850 324 885 sexto2:
355 863 370 880 α
389 850 491 892 Empti
515 849 590 882 estis
621 848 724 890 pretio
755 856 887 889 magum
920 846 1094 888 glorificate
1121 848 1153 878 et

187 908 342 948 portate»
372 907 449 942 etc.;
482 906 514 936 et
544 902 665 945 primae
693 901 775 934 Petri
800 900 923 943 primo:
954 913 969 929 «
986 900 1052 932 Non
1083 908 1153 932 cor-

187 958 393 1001 ruptibilibus
415 966 496 990 auro
519 956 569 989 vel
588 958 720 998 argento
744 954 898 996 redempti
922 953 997 987 estis
1017 953 1056 986 de
1073 962 1154 985 vana

188 1014 294 1045 vestra
329 1009 585 1048 conversatione,
617 1008 671 1042 sed
706 1008 844 1050 pretioso
875 1007 1028 1049 sanguine
1062 1006 1153 1048 quasi

189 1063 480 1107 Agni·immaculati
498 1076 513 1092 1>
543 1066 602 1096 etc.
629 1061 783 1100 Inutiles,
808 1070 870 1093 nou
888 1060 963 1102 quia
986 1069 1083 1102 opera
1098 1068 1154 1092 no-

188 1121 256 1151 stra
278 1118 361 1150 bona
391 1116 511 1149 nullam
543 1115 681 1149 habeant
703 1113 880 1147 mercedem
912 1113 962 1146 vel
994 1113 1153 1152 fructum,

188 1171 265 1214 quia
286 1170 377 1203 utilia
400 1172 475 1203 sunt
497 1168 612 1208 nobis,
637 1167 692 1201 sed
715 1167 791 1210 quia
814 1166 893 1199 nihil
916 1175 958 1199 ex
982 1166 1042 1199 hoc
1074 1165 1155 1198 dioi-

188 1233 253 1257 nae
276 1223 417 1256 bonitati
438 1221 650 1260 conferimus;
668 1214 809 1253 Psalmus
822 1219 853 1251 ⁸:
883 1232 899 1248 «
915 1219 986 1251 Dixi
1005 1219 1154 1251 Domino:

189 1277 275 1317 Deus
298 1284 388 1309 meus
415 1284 449 1308 es
472 1278 526 1314 tu,
552 1273 703 1316 quoniam
735 1273 891 1305 bonorum
916 1281 1062 1305 meorum
1092 1281 1155 1304 non

188 1338 263 1372 eges
278 1343 309 1362 ».
323 1348 367 1353 -
379 1328 462 1361 Ν11111
478 1331 526 1361 est
549 1327 635 1370 quod
649 1325 800 1369 facimus
823 1326 1056 1367 comparatione
1073 1325 1156 1364 eius,

190 1383 276 1426 quod
306 1382 485 1425 recepimus
518 1384 550 1414 et
581 1381 645 1413 Deo
675 1380 851 1419 debemus;
882 1379 967 1412 unde
1001 1378 1156 1411 (31055040

195 1450 211 1466 ιι
230 1436 297 1478 Qui
318 1435 407 1469 venit
428 1434 626 1468 ministrare
648 1437 679 1466 et
700 1443 767 1466 non
786 1432 999 1471 ministrari,
1024 1441 1082 1464 nos
1104 1432 1158 1465 de-

190 1489 310 1522 bitores
337 1487 396 1520 sibi
426 1487 518 1526 fecit,
542 1495 582 1519 ne
614 1486 730 1518 nostris
761 1484 913 1527 operibus
948 1483 1158 1522 confidentes,

191 1541 247 1575 sed
262 1541 331 1574 eius
354 1549 489 1574 examen
505 1541 765 1583 expavescentes,
790 1537 952 1576 omnibus,
973 1546 1055 1579 quae
1073 1545 1160 1579 prae-

193 1599 285 1637 cepta
307 1598 400 1634 sunt,
424 1593 578 1635 impletis,
601 1602 659 1625 005
675 1592 876 1634 imperfectos
899 1600 968 1624 esse
992 1599 1160 1633 cognosca-

194 1657 267 1681 mus
287 1660 318 1680 ».
351 1647 421 1680 ldeo
452 1646 575 1679 dicebat
606 1645 808 1688 Propheta⁵:
838 1644 952 1686 «Quid
984 1643 1158 1676 retribuam

195 1700 328 1734 Domino
358 1709 417 1742 pro
451 1699 617 1738 omnibus,
653 1707 735 1741 quae
770 1697 920 1731 retribuit
950 1696 1085 1729 mihim
1117 1714 1160 1720 —-

194 1754 288 1794 Item,
312 1754 392 1787 nihil
415 1757 463 1786 est
486 1753 571 1795 quod
594 1752 798 1785 sustinemus
819 1753 965 1793 respectu
989 1750 1058 1783 eius
1075 1749 1161 1792 quod

195 1809 432 1849 exspectamus;
456 1806 495 1838 ad
519 1806 674 1838 Romanos
689 1804 844 1837 octav0⁶:
872 1816 888 1832 «
905 1804 971 1836 Non
997 1807 1072 1836 sunt
1088 1812 1162 1836 con-

195 1860 308 1903 dignae
324 1859 485 1902 passiones
508 1858 605 1891 huius
622 1857 773 1900 temporis
797 1857 993 1890 adfuturam
1013 1856 1162 1899 gloriam,

195 1922 278 1956 quae
301 1912 495 1945 revelabitur
519 1912 550 1944 in
574 1911 707 1944 nobis».
732 1910 819 1943 Unde
842 1910 951 1943 Glossa
973 1918 1070 1952 super
1088 1910 1162 1942 hoc:

198 1966 294 2000 Servi
315 1965 449 1999 inutiles
471 1975 610 2004 sumus,
641 1977 657 1993 α
673 1964 749 2007 quia
772 1964 929 1997 bonorum
952 1972 1085 2006 operum
1108 1972 1163 1996 no—

197 2023 339 2053 strorum
363 2028 425 2051 non
449 2018 567 2061 indiget
598 2019 701 2057 Deus;
727 2017 776 2050 vel
799 2017 874 2059 quia
898 2026 961 2049 non
992 2020 1067 2050 sunt
1090 2025 1164 2050 con-

198 2073 310 2116 dignae
326 2072 486 2115 passiones
503 2072 601 2105 huius
620 2071 773 2114 temporis
792 2070 832 2103 ad
855 2070 995 2103 suturam
1013 2070 1163 2112 gloriam,

198 2135 281 2169 quae
304 2125 498 2159 revelabitur
522 2125 554 2158 in
577 2125 668 2157 nobis
688 2137 719 2157 n.
744 2124 803 2166 Qui
833 2124 930 2166 igitur
961 2132 995 2156 se
1019 2123 1166 2156 humiliat

199 2179 264 2218 sic,
288 2179 340 2212 ille
363 2182 410 2211 est
433 2178 488 2220 qui
513 2177 650 2219 disponit
670 2186 703 2210 se
727 2177 764 2209 ad
790 2176 960 2218 perfectam
984 2176 1116 2217 gloriam
1134 2179 1165 2208 et

199 2235 370 2265 aeternam.
395 2231 482 2264 Unde
497 2231 576 2263 haec
599 2229 779 2268 humilitas,
803 2237 885 2271 quae
902 2232 1004 2261 totum
1028 2228 1092 2261 Deo
1109 2228 1166 2260 tri-

200 2285 270 2318 buit
300 2288 332 2317 et
355 2284 434 2316 nihil
466 2283 540 2322 sibi,
565 2282 702 2325 perfecte
733 2282 794 2315 erit
824 2282 856 2314 10
881 2281 1019 2324 patria,
1052 2290 1166 2314 secun-

200 2337 277 2370 dum
313 2336 392 2369 illud
422 2335 622 2378 Apocalypsis
656 2335 816 2377 quarto&
851 2347 867 2363 <r
883 2333 1088 2368 procidebant
1121 2334 1166 2366 vi-

201 2390 279 2433 ginti
303 2393 441 2432 quatuor
472 2388 612 2422 seniores
636 2392 708 2421 ante
740 2387 900 2421 sedentem
927 2387 959 2419 in
991 2387 1105 2419 throno
1137 2390 1169 2420 et

201 2443 375 2476 adorabant
399 2442 556 2475 viventem
580 2442 612 2474 in
637 2442 762 2475 saecula
785 2441 987 2474 saeculorum
1010 2444 1041 2473 et
1064 2440 1169 2473 mitte-

202 2496 279 2530 bant
295 2505 427 2529 coronas
451 2504 525 2528 suas
540 2498 613 2528 ante
637 2495 789 2528 thronum
805 2494 961 2527 dicentes:
979 2494 1100 2536 Dignus
1116 2503 1150 2526 es
1160 2505 1171 2533 ,·

203 2549 335 2582 Domine
351 2549 436 2582 Deus
452 2551 574 2588 noster,
594 2547 737 2590 accipere
761 2547 893 2590 gloriam
914 2550 944 2579 et
969 2547 1122 2579 honorem
1139 2549 1170 2579 et

279 2776 288 2791 ¹
309 2777 384 2803 Vers.
402 2777 428 2802 7.
448 2780 473 2804 et
491 2777 551 2802 dein
573 2778 612 2802 Ps.
638 2777 700 2808 118,
722 2777 782 2802 128.

277 2817 289 2835 ²
308 2822 383 2847 Vei-s.
403 2822 451 2852 20,
472 2824 531 2853 post
548 2828 629 2854 quern
650 2822 665 2847 1.
685 2822 753 2847 Petr.
774 2821 798 2852 1,
820 2821 860 2846 18.
880 2824 905 2847 01
933 2821 976 2846 19.

282 2863 293 2879 ⁸
314 2866 406 2891 Psalm.
427 2865 473 2897 45,
494 2866 519 2890 2.

280 2908 291 2923 '¹
311 2909 413 2935 Scilicet
439 2908 583 2945 ordinaria
607 2908 648 2942 (ex
673 2909 764 2942 Beda),
792 2910 820 2934 in
847 2909 923 2944 cuius
948 2909 1020 2934 initio
1045 2909 1173 2941 allegatur

210 2954 298 2980 ltlatth.
317 2954 364 2984 20,
378 2954 420 2986 28,
442 2954 469 2979 in
488 2954 539 2979 nne
559 2954 578 2979 B
591 2954 711 2986 adiungit
726 2961 787 2980 cum
801 2954 891 2979 Glossa
907 2953 1038 2987 quamdin
1053 2952 1174 2986 ραν-0911·

209 3005 312 3024 namur
331 3005 348 3024 a
367 2998 420 3024 Deo
440 2997 480 3031 (11.
497 2998 557 3024 Cor.
576 2998 607 3030 5,
627 2997 672 3030 6.).
699 2998 755 3024 Vox
780 3005 814 3024 ne
840 2998 885 3030 (ita
912 2998 990 3023 codd.
1016 3000 1042 3023 et
1066 2997 1173 3030 origin.)

211 3043 280 3068 valet
299 3042 369 3075 quod
391 3043 435 3074 ut,
454 3048 518 3068 non.
537 3056 572 3061 -
592 3042 719 3073 Superius
737 3041 849 3067 vocibus
869 3041 943 3069 Nihil
962 3043 1000 3068 est
1019 3041 1078 3067 Vat.
1097 3041 1174 3066 inter-

211 3087 274 3113 serit
292 3086 389 3120 etiam,·
410 3087 430 3112 Η
450 3087 512 3118 legit
531 3086 593 3113 Sive
612 3085 676 3120 quia
694 3086 763 3112 nihil
781 3088 828 3113 est.

283 3129 294 3144 ⁶
314 3131 408 3156 Psalm.
428 3131 493 3163 115,
515 3131 555 3156 12.

283 3173 295 3189 ⁶
315 3176 390 3201 Vers.
410 3175 451 3200 18.
470 3188 506 3194 -
526 3175 649 3207 Sequitur
672 3175 762 3200 Glossa
787 3174 970 3201 interlinearis
993 3175 1018 3200 in
1042 3175 1106 3200 Luc.
1128 3174 1174 3204 17,

215 3219 263 3245 101
282 3219 361 3246 Servi
380 3218 487 3245 inutiles
505 3225 616 3250 sumus,
642 3219 703 3251 quia
729 3219 811 3250 empti
829 3219 914 3251 pretio
922 3229 929 3250 ;
955 3219 1017 3252 quia
1043 3218 1174 3244 bonorum

213 3270 327 3294 operum
345 3269 398 3288 non
417 3265 477 3294 eget
495 3258 586 3296 Deus,
598 3263 640 3288 vel
660 3265 709 3288 etc.
729 3263 787 3288 Vat.
811 3269 872 3288 cum
892 3269 945 3289 uno
964 3263 1099 3295 alteroque
1116 3261 1174 3287 cod.

215 3307 282 3332 banc
301 3307 420 3332 Glossam
440 3306 544 3332 omittit.

287 3348 297 3363 '¹
317 3350 392 3376 Vers.
413 3350 454 3375 10.
479 3353 506 3375 et
531 3350 574 3376 11.
592 3364 628 3369 -
647 3350 775 3382 Superius
793 3357 842 3382 pro
863 3350 980 3384 perfecte
1002 3349 1056 3376 erit
1077 3350 1098 3375 G
1113 3355 1178 3382 per·-

215 3392 285 3427 fecta
303 3392 362 3420 erit.

325 3445 356 3473 S.
370 3446 473 3473 Bonav.
484 3460 520 3465 —
532 3447 609 3472 Tom.
622 3447 675 3473 vn.

2101 221 2166 254 [233

1209 313 1360 345 virtutem
1379 325 1394 341 2>
1422 316 1480 344 010.
1500 312 1534 344 Et
1558 312 1589 344 in
1614 315 1705 343 statu
1722 311 1795 343 vtae
1814 312 1872 343 hoc
1888 314 1935 342 est
1952 310 1982 342 in
2008 310 2084 342 viris
2101 319 2170 351 per—

1210 364 1316 403 fectis,
1341 364 1515 396 secundum
1541 364 1617 396 illud
1642 364 1778 396 Danielis
1795 363 1919 396 nono⁸:
1950 376 1964 391 α
1983 362 2075 394 Nobis
2099 370 2172 394 con-

1211 418 1292 450 fusio
1316 417 1419 456 faciei,
1444 417 1572 459 regibus
1597 417 1712 449 nostris
1736 420 1767 449 et
1791 417 1986 458 principibus
2011 417 2126 449 nostris
2143 420 2173 448 et

1212 470 1357 513 patribus
1380 470 1514 509 nostris,
1538 470 1591 511 qui
1625 473 1852 511 peccaverunt;
1879 470 1931 502 tibi
1958 473 2080 508 autem,
2113 470 2172 501 Do-

1213 524 1299 556 mino
1322 524 1386 555 Deo
1410 526 1536 561 nostro,
1569 523 1784 555 misericordia
1816 526 1846 555 et
1875 523 2053 564 propitiatio
2071 537 2085 551 υ
2115 527 2172 555 etc.

1214 577 1284 609 ldeo
1308 576 1440 618 singulis
1463 576 1574 609 diebus
1597 576 1701 608 dicere
1725 575 1875 608 debemus
1900 576 1976 608 illud
2001 576 2119 618 primae
2137 576 2173 608 ad

1214 630 1414 662 Timotheum
1438 629 1556 670 primo:
1580 642 1594 657 «
1612 629 1683 671 Regi
1701 632 1805 661 autem
1825 629 2023 661 saeculorum
2049 630 2175 661 immor-

1216 683 1287 722 tali,
1311 682 1477 721 invisibili,
1503 682 1559 715 soli
1592 682 1656 715 Deo
1681 683 1780 714 honor
1805 686 1836 714 et
1867 683 1966 724 gloria
1991 683 2020 714 in
2053 683 2178 715 saecula

1217 736 1428 770 saeculorum.
1453 736 1547 768 Amen
1567 749 1596 767 n.

1450 850 1614 878 Confirmatio
1632 858 1677 885 per
1696 851 1796 878 sactum
1815 851 1943 878 mirabile.

1307 952 1360 983 22.
1388 951 1427 982 Et
1449 948 1579 993 factum
1595 954 1656 989 est,
1682 950 1762 982 dam
1779 950 1841 983 iret
1869 951 1987 983 sesua-⁹
2004 954 2061 984 etc.
2096 952 2180 984 Post-

1217 1012 1314 1046 quam
1338 1003 1509 1045 discipulos
1540 1003 1579 1036 ad
1603 1003 1780 1046 spiritualia
1810 1013 1906 1046 opera
1931 1005 2053 1046 pietatis
2084 1005 2182 1038 insor-

1218 1056 1315 1089 mavit
1337 1056 1526 1089 documento
1550 1057 1726 1089 rationabili
1759 1061 1790 1089 et
1821 1058 2013 1090 manuduxit
2036 1059 2181 1100 exemplo

1218 1110 1372 1149 sensibili,
1398 1110 1449 1142 hic
1473 1110 1533 1142 iam
1560 1110 1653 1142 tertio
1669 1110 1846 1152 confirmat
1862 1109 1951 1153 facto
1973 1112 2125 1144 mirabili
2138 1113 2181 1150 ¹0;

1219 1163 1250 1195 in
1275 1172 1339 1205 quo
1363 1162 1420 1204 ipsi
1445 1162 1590 1205 discipuli
1615 1173 1654 1195 ex
1679 1163 1748 1195 viso
1773 1173 1867 1206 opere
1890 1164 2041 1197 mirabili
2068 1165 2181 1197 confir-

1220 1219 1348 1248 mantur
1371 1216 1410 1248 ad
1427 1216 1644 1255 credendam,
1670 1220 1701 1249 et
1724 1227 1763 1249 ex
1785 1217 1941 1250 intellecto
1965 1219 2181 1252 accenduntur

1219 1269 1259 1302 ad
1281 1269 1505 1307 imitandum,·
1528 1272 1560 1302 et
1586 1269 1655 1302 ideo
1686 1270 1780 1302 simul
1804 1270 1988 1304 litteraliter
2019 1276 2050 1305 et
2079 1273 2181 1315 spiri-

1222 1322 1357 1354 tualiter
1381 1323 1440 1355 hoc
1464 1322 1653 1355 miraculum
1680 1323 1875 1356 tractandum
1901 1328 1957 1357 est.

1312 1375 1344 1407 In
1357 1375 1454 1408 huius
1465 1378 1571 1407 autem
1589 1375 1732 1408 miraculi
1749 1376 1958 1418 descriptione
1976 1378 2077 1420 primo
2093 1389 2183 1421 prae-

1222 1429 1360 1461 mittitur
1372 1428 1504 1478 caratio
1517 1428 1740 1470 aeyrituclinis
1753 1429 1961 1462 incurabilis.
1976 1431 2118 1464 Secundo
2130 1432 2184 1464 ad-

1223 1482 1310 1515 ditur
1327 1481 1525 1524 approbatio
1540 1482 1763 1524 yratz'tudtnts
1779 1483 2067 1523 commendabilis,
2085 1485 2126 1517 ibi
2142 1487 2183 1516 ¹¹:

1230 1535 1322 1567 Unus
1346 1538 1457 1567 autem
1481 1544 1521 1566 ex
1546 1534 1630 1573 illis,
1656 1539 1693 1566 ut
1715 1535 1806 1567 vidit.

1313 1588 1403 1620 Circa
1425 1588 1633 1620 curationem
1663 1592 1770 1620 autem
1794 1589 2018 1631 aeyrititdinis
2046 1590 2185 1623 incara—

1225 1642 1299 1675 bilis
1331 1641 1392 1674 tria
1423 1641 1671 1674 introducuntur
1702 1641 1741 1674 ad
1773 1643 2009 1684 expressionem
2041 1647 2072 1676 et
2103 1654 2187 1677 com-

1225 1695 1457 1728 mendationem
1481 1694 1625 1727 miraculi
1650 1697 1680 1727 et
1708 1694 1746 1727 ad
1771 1695 1958 1736 mysterium
1990 1696 2189 1739 significatio-

1224 1749 1289 1788 nis,
1322 1748 1441 1781 scilicet
1472 1748 1668 1790 congruitas
1700 1748 1778 1787 loci,
1811 1748 1989 1782 calamitas
2021 1750 2129 1783 morbi
2158 1755 2189 1784 et

1225 1801 1376 1846 facilitas
1400 1801 1492 1833 modi
1513 1801 1669 1834 curandi.

1317 1854 1369 1887 23.
1396 1854 1496 1895 (Vers.
1526 1855 1599 1894 11.).
1626 1854 1728 1887 Primo
1752 1854 1849 1897 igitur
1873 1860 2028 1897 quantum
2051 1856 2088 1889 ad
2114 1866 2188 1889 con-

1225 1908 1408 1951 yruz'tatem
1433 1907 1496 1939 loci
1517 1907 1611 1939 dicit:
1639 1908 1675 1939 Et
1698 1906 1828 1949 factam
1852 1913 1915 1947 est,
1941 1909 2022 1941 clam
2055 1909 2117 1941 iret
2142 1910 2188 1942 Ie-

1227 1971 1287 1994 sus
1321 1961 1357 1993 in
1392 1960 1598 1998 Iera-saleim
1630 1969 1686 2001 per
1720 1969 1816 2002 quam
1851 1961 2045 2002 significatur
2079 1967 2188 1995 status

1228 2014 1370 2058 qutetz·s‚·
1393 2023 1465 2046 uam
1490 2014 1718 2055 interpretatur
1741 2013 1823 2046 vz'sz'o
1844 2014 1941 2055 pacis
1949 2026 1961 2053 ;
1990 2015 2187 2048 Psalmus12:

1234 2082 1249 2097 a
1266 2068 1385 2107 Lauda,
1403 2067 1570 2100 Ierusalem
1582 2092 1589 2105 ,
1614 2066 1780 2099 Dominum
1792 2093 1799 2105 ,
1817 2067 1909 2099 lauda
1924 2081 1940 2096 »
1963 2071 2039 2106 etc.;
2057 2072 2088 2101 et
2105 2074 2188 2111 post:

1233 2134 1249 2149 «ι
1267 2120 1326 2162 Qui
1351 2119 1456 2162 posuit
1479 2119 1557 2151 fines
1582 2122 1652 2151 tuos
1676 2127 1783 2160 pacem
1803 2132 1831 2150 n.
1850 2138 1894 2142 -
1922 2120 2101 2152 Transibat
2129 2131 2190 2163 per

1229 2173 1374 2206 mediam
1393 2172 1589 2205 Samaria-m
1606 2176 1636 2204 et
1656 2171 1841 2205 Galilaeam
1851 2184 1862 2210 ;
1883 2181 1940 2214 per
1957 2182 2036 2214 quas
2052 2173 2192 2216 designa-

1229 2230 1284 2260 tur
1308 2227 1470 2259 deam-sus
1490 2225 1677 2267 praesentis
1698 2225 1837 2257 itineris.
1865 2226 2027 2259 Samaria
2054 2236 2191 2269 namque

1229 2280 1459 2321 interpretatur
1490 2278 1657 2317 custodia,
1682 2287 1763 2320 quae
1794 2279 1887 2311 debet
1915 2288 1982 2311 esse
2014 2280 2045 2311 in
2069 2280 2191 2313 actione

1231 2336 1385 2375 quantum
1401 2331 1439 2364 ad
1457 2335 1582 2370 act-am,
1602 2331 1776 2364 secundum
1793 2331 1869 2364 illud
1885 2332 2084 2365 Ecclesiastae
2101 2342 2193 2374 quar-

1232 2389 1264 2418 to
1274 2386 1317 2417 ¹⁸:
1337 2384 1487 2418 «Custodi
1506 2385 1616 2427 pedem
1634 2388 1739 2423 tuum,
1756 2385 1934 2427 ingrediens
1946 2385 2074 2417 domum
2088 2385 2140 2418 Dei
2156 2398 2191 2424 »;

1232 2440 1322 2478 item,
1347 2441 1501 2481 quantum
1525 2438 1563 2471 ad
1595 2437 1768 2481 affectatum
1800 2438 2034 2471 Deuteronomii
2060 2443 2190 2480 quarto:

1238 2491 1396 2524 «Custodi
1428 2491 1629 2533 temetipsum
1661 2495 1691 2524 et
1722 2491 1857 2523 animam
1892 2495 1977 2523 tuam
2009 2491 2138 2524 sollicite
2161 2505 2192 2530 »;

1234 2546 1327 2584 11010,
1363 2548 1518 2594 quantum
1551 2544 1590 2577 ad
1621 2544 1781 2583 verbum;
1818 2544 2018 2577 Psalmus14:
2062 2558 2077 2573 «
2099 2545 2192 2577 Dixi:

1307 2774 1318 2789 Β
1337 2776 1412 2801 Vers.
1432 2776 1456 2800 8.
1477 2778 1501 2800 et
1522 2775 1546 2800 9.
1567 2789 1602 2793 —
1625 2773 1742 2799 Subinde
1765 2774 1890 2804 allegatur
1919 2773 1934 2797 l.
1964 2772 2031 2797 Tim.
2054 2772 2080 2802 1,
2103 2773 2142 2797 17.
2161 2786 2197 2791 -

1237 2819 1365 2851 Superius
1384 2826 1432 2850 pro
1452 2818 1501 2844 hoc
1526 2820 1566 2844 cst
1583 2818 1611 2843 in
1636 2817 1702 2843 vlris
1717 2816 1842 2850 perfectis
1867 2817 1887 2841 G
1907 2815 1972 2842 llaec
1991 2817 2031 2841 est
2050 2815 2114 2842 viris
2135 2822 2195 2849 per—

1235 2863 1324 2896 fectis,
1345 2863 1403 2888 Vat.
1423 2863 1557 2895 qnantum
1575 2860 1611 2887 ad
1631 2861 1702 2886 ciros
1719 2860 1861 2893 perfectos.

1307 2905 1318 2920 ⁹
1337 2906 1388 2932 Cfr.
1408 2913 1487 2938 supra
1508 2912 1569 2937 pag.
1590 2905 1656 2935 425,
1676 2908 1735 2929 nota
1760 2905 1797 2929 ¹2.

1309 2949 1331 2964 ¹⁰
1352 2950 1418 2975 Vide
1437 2956 1517 2981 supra
1536 2956 1561 2974 n.
1580 2949 1600 2979 1,
1615 2948 1658 2973 ubi
1673 2948 1750 2973 etiam
1771 2947 1876 2979 ponitur
1889 2945 2058 2977 rationabili,
2080 2952 2128 2977 pro
2142 2953 2196 2979 quo

1238 2994 1279 3020 hic
1298 3001 1359 3020 cum
1380 2994 1437 3019 Vat.
1458 2993 1573 3018 nonnulli
1593 2992 1671 3017 codd.
1693 2990 1832 3017 rationali.

1310 3037 1330 3052 ¹¹
1353 3039 1424 3063 Vers.
1447 3037 1489 3062 15.

1310 3081 1331 3096 ¹²
1353 3083 1444 3108 Psalin.
1470 3081 1530 3111 147,
1552 3081 1592 3105 12.
1612 3084 1637 3105 et
1661 3079 1699 3105 14.
1721 3078 1770 3104 Cir.
1791 3086 1870 3110 supra
1886 3085 1945 3110 pag.
1961 3078 2008 3108 42,

1238 3127 1350 3153 habetur
1369 3126 1544 3158 interpretatio
1564 3125 1676 3150 nominis
1695 3123 1852 3150 Ierusalem.

1312 3170 1333 3185 ¹³
1355 3171 1429 3196 Vers.
1444 3170 1484 3195 17.
1499 3183 1533 3189 -
1547 3169 1670 3201 Sequitur
1688 3169 1761 3193 Deut.
1781 3167 1808 3199 4,
1832 3168 1861 3198 9,
1882 3171 1939 3199 post
1959 3174 2038 3199 quem
2060 3168 2116 3192 Vnt.
2137 3173 2197 3192 cum

1239 3217 1288 3241 FG
1308 3215 1397 3241 addit:
1417 3214 1450 3240 Et
1470 3213 1538 3239 illud
1554 3212 1692 3246 potissime
1711 3211 1834 3245 competit
1849 3210 1980 3244 praelatis
2000 3210 2148 3237 secandum
2168 3209 2199 3235 il-

1241 3259 1288 3286 lud
1307 3259 1353 3285 ΙΙΙ.
1373 3259 1435 3292 1109.
1461 3256 1511 3289 20,
1532 3256 1588 3283 59:
1615 3256 1722 3282 Custodi
1747 3256 1833 3281 virum
1859 3255 1953 3286 istum,
1978 3255 2039 3287 qui,
2064 3254 2084 3280 51
2109 3255 2198 3286 lapsus

1241 3303 1330 3335 suerit,
1350 3303 1399 3328 erit
1417 3302 1502 3327 anima
1524 3304 1566 3327 tua
1585 3308 1633 3332 pro
1647 3301 1732 3325 anima
1753 3300 1808 3325 eius
1829 3299 1889 3331 (1100
1908 3303 2025 3324 sumtum
2045 3298 2150 3324 videtur
2169 3305 2198 3324 cx

1241 3354 1263 3373 c.
1278 3348 1304 3373 6.
1316 3354 1343 3372 0.
1357 3346 1419 3380 472).
1437 3359 1473 3364 -
1493 3346 1529 3370 1)0
1549 3344 1759 3376 interpretatione
1778 3343 1890 3369 nominis
1908 3342 2037 3369 Samaria
2055 3344 2100 3368 cir.
2120 3349 2199 3374 supr-1

1242 3398 1304 3424 pag.
1330 3390 1387 3416 147.
1407 3393 1466 3415 nota
1486 3389 1510 3414 3.
1530 3392 1555 3414 01
1574 3395 1635 3421 pag.
1655 3388 1714 3420 271,
1733 3391 1793 3413 nota
1813 3388 1837 3413 3.
1952 3386 1975 3401 “
1994 3387 2087 3412 Ρ50110.
2107 3387 2155 3417 38,
2175 3387 2200 3411 2.

2060 3439 2093 3464 55

2028 3082 2087 3103 nota
2109 3078 2137 3108 6,
2152 3077 2198 3103 ubi

2204 1378 2239 1398 Dii
2245 1377 2291 1398 isio.

2211 1590 2288 1612 Primo,
2305 1588 2332 1609 de

2201 1616 2310 1637 curatione
2318 1621 2353 1636 ae-

2217 1642 2332 1669 grilncinis

2250 1669 2287 1689 tria
2294 1684 2300 1689 .

2208 1854 2334 1879 eongmuas

2251 1881 2300 1902 loci.
